101 990000013 9876543212405180723A094201DEST NAME              ORIGIN NAME            XXXXXXXX
5200My Company      DiscretionaryData   1234567890PPDComp desc 2405182405181391061000010000001
627267084131123              000001366801223344       Will Power            LC0000000100000001
622267084131123              000004914101223344       Sandy Beaches         LC0000000100000002
622267084131123              000005396801223344       Sue Flay              LC0000000100000003
622267084131123              000009782901223344       Barry Cuda            LC0000000100000004
627267084131123              000000574101223344       Justin Time           LC0000000100000005
627267084131123              000007996301223344       Sue Flay              LC0000000100000006
622267084131123              000000611201223344       Holly Wood            LC0000000100000007
622267084131123              000005010901223344       Sue Flay              LC0000000100000008
622267084131123              000008451601223344       Sandy Beaches         LC0000000100000009
622267084131123              000003567901223344       Barry Cuda            LC0000000100000010
820000001000330033000000000993720000003773541234567890                         061000010000001
9000001000010000000100267084130000000099372000000377354                                       