101 990000013 9876543212405241637A094101DEST NAME              ORIGIN NAME            XXXXXXXX
5200My Company      DiscretionaryData   1234567890PPDComp desc 2405242405241451061000010000001
622267084131123              000005909401223344       Barry Cuda            LC0000000100000001
627267084131123              000004809701223344       Paige Turner          LC0000000100000002
622267084131123              000007268301223344       Al Beback             LC0000000100000003
627267084131123              000007557801223344       Sandy Beaches         LC0000000100000004
622267084131123              000005306001223344       Ella Vator            LC0000000100000005
627267084131123              000001690901223344       Sue Flay              LC0000000100000006
622267084131123              000002777101223344       Holly Wood            LC0000000100000007
622267084131123              000008079801223344       Holly Wood            LC0000000100000008
627267084131123              000007412601223344       Holly Wood            LC0000000100000009
627267084131123              000004882301223344       Al Beback             LC0000000100000010
820000001000330033000000002635330000002934061234567890                         061000010000001
9000001000010000000100267084130123456789012987654321098                                       