101 990000013 9876543212405241637A094201DEST NAME              ORIGIN NAME            XXXXXXXX
5200My Company      DiscretionaryData   1234567890PPDComp desc 2405242405241451061000010000001
627267084131123              000003426101223344       Holly Wood            LC0000000100000001
622267084131123              000000617401223344       Sandy Beaches         LC0000000100000002
627267084131123              000002254001223344       Justin Time           LC0000000100000003
627267084131123              000009198801223344       Barry Cuda            LC0000000100000004
622267084131123              000003689601223344       Sue Flay              LC0000000100000005
627267084131123              000006061401223344       Terry Aki             LC0000000100000006
627267084131123              000000446601223344       Will Power            LC0000000100000007
622267084131123              000002465701223344       Justin Time           LC0000000100000008
622267084131123              000002716101223344       Sandy Beaches         LC0000000100000009
627267084131123              000006564701223344       Sandy Beaches         LC0000000100000010
820000001000330033000000002795160000000948881234567890                         061000010000001
9000001000010000000100267084130000000279516000000094888                                       