101 990000013 9876543212405180723A094101DEST NAME              ORIGIN NAME            XXXXXXXX
5200My Company      DiscretionaryData   1234567890PPDComp desc 2405182405181391061000010000001
627267084131123              000009267501223344       Holly Wood            LC0000000100000001
627267084131123              000004729701223344       Sandy Beaches         LC0000000100000002
627267084131123              000001291001223344       Holly Wood            LC0000000100000003
627267084131123              000008461601223344       Terry Aki             LC0000000100000004
622267084131123              000002131001223344       Holly Wood            LC0000000100000005
622267084131123              000006025801223344       Ella Vator            LC0000000100000006
627267084131123              000007542001223344       Terry Aki             LC0000000100000007
622267084131123              000007709501223344       Al Beback             LC0000000100000008
622267084131123              000001050401223344       Terry Aki             LC0000000100000009
627267084131123              000007109201223344       Paige Turner          LC0000000100000010
820000001000330033000000003840100000001691671234567890                         061000010000001
9000001000010000000100267084130123456789012987654321098                                       