101 990000013 9876543212405241637A094101DEST NAME              ORIGIN NAME            XXXXXXXX
5200My Company      DiscretionaryData   1234567890PPDComp desc 2405242405241451061000010000001
627267084131123              000007516301223344       Sue Flay        LC0000000100000001
627267084131123              000008232801223344       Will Power    LC0000000100000002
622267084131123              000008751001223344       Justin TimeLC0000000100000003
627267084131123              000001859201223344       Al BebacLC0000000100000004
627267084131123              000007849001223344       Justin TimeLC0000000100000005
627267084131123              000003254401223344       Justin TimeLC0000000100000006
622267084131123              000001404501223344       Al BebacLC0000000100000007
627267084131123              000000724601223344       Justin TimeLC0000000100000008
622267084131123              000009086101223344       Holly Wood      LC0000000100000009
622267084131123              000009277401223344       Holly Wood      LC0000000100000010
820000001000330033000000002943630000002851901234567890                         061000010000001
9000001000010000000100267084130000000294363000000285190                                       