101 990000013 9876543212405180723A094101DEST NAME              ORIGIN NAME            XXXXXXXX
5220My Company      DiscretionaryData   1234567890PPDComp desc 2405182405181391061000010000001
622267084131123              000000051001223344       Jane Doe              LC0000000100000001
622267084131123              000000012101223344       John Doe              LC0000000100000002
622267084131123              000000073601223344       John Doe              LC0000000100000003
622267084131123              000000069401223344       John Doe              LC0000000100000004
622267084131123              000000038301223344       Jane Doe              LC0000000100000005
622267084131123              000000014801223344       Jane Doe              LC0000000100000006
622267084131123              000000044901223344       Jane Doe              LC0000000100000007
622267084131123              000000060001223344       John Doe              LC0000000100000008
622267084131123              000000052701223344       Jane Doe              LC0000000100000009
622267084131123              000000054601223344       Jane Doe              LC0000000100000010
822000001000330033000000000000000000000047141234567890                         061000010000001
9000001000010000000100267084130000000000000000000004714                                       