101 990000013 9876543212405241637A094101DEST NAME              ORIGIN NAME            XXXXXXXX
5220My Company      DiscretionaryData   1234567890PPDComp desc 2405242405241451061000010000001
622267084131123              000000022501223344       Jane Doe              LC0000000100000001
622267084131123              000000051301223344       Jane Doe              LC0000000100000002
622267084131123              000000088801223344       John Doe              LC0000000100000003
622267084131123              000000093201223344       Jane Doe              LC0000000100000004
622267084131123              000000063901223344       Jane Doe              LC0000000100000005
622267084131123              000000077601223344       John Doe              LC0000000100000006
622267084131123              000000059401223344       Jane Doe              LC0000000100000007
622267084131123              000000073901223344       Jane Doe              LC0000000100000008
622267084131123              000000043501223344       Jane Doe              LC0000000100000009
622267084131123              000000007301223344       Jane Doe              LC0000000100000010
822000001000330033000000000000000000000058141234567890                         061000010000001
9000001000010000000100267084130000000000000000000005814                                       