101 990000013 9876543212405180723A094101DEST NAME              ORIGIN NAME            XXXXXXXX
5220My Company      DiscretionaryData   1234567890PPDComp desc 2405182405181391061000010000001
622267084131123              000000289201223344       John Doe              LC0000000100000001
622267084131123              000009128001223344       John Doe              LC0000000100000002
622267084131123              000005864701223344       John Doe              LC0000000100000003
622267084131123              000001012901223344       Jane Doe              LC0000000100000004
622267084131123              000008799701223344       Jane Doe              LC0000000100000005
622267084131123              000002128601223344       Jane Doe              LC0000000100000006
622267084131123              000008945501223344       John Doe              LC0000000100000007
622267084131123              000006191901223344       John Doe              LC0000000100000008
622267084131123              000009846801223344       Jane Doe              LC0000000100000009
622267084131123              000004017501223344       John Doe              LC0000000100000010
622267084131123              000003476601223344       Jane Doe              LC0000000100000011
622267084131123              000005003001223344       John Doe              LC0000000100000012
622267084131123              000005372401223344       Jane Doe              LC0000000100000013
622267084131123              000002352901223344       Jane Doe              LC0000000100000014
622267084131123              000008781201223344       Jane Doe              LC0000000100000015
622267084131123              000001107101223344       John Doe              LC0000000100000016
622267084131123              000008353401223344       Jane Doe              LC0000000100000017
622267084131123              000005320501223344       Jane Doe              LC0000000100000018
622267084131123              000005266801223344       John Doe              LC0000000100000019
622267084131123              000005702601223344       Jane Doe              LC0000000100000020
822000002000330033000000000000000000010696131234567890                         061000010000001
5220My Company      DiscretionaryData   1234567890PPDComp desc 2405182405181391061000010000002
622267084131123              000008250701223344       John Doe              LC0000000200000001
622267084131123              000001854101223344       John Doe              LC0000000200000002
622267084131123              000003113301223344       John Doe              LC0000000200000003
622267084131123              000009056601223344       Jane Doe              LC0000000200000004
622267084131123              000006393201223344       Jane Doe              LC0000000200000005
622267084131123              000004606901223344       Jane Doe              LC0000000200000006
622267084131123              000002700301223344       John Doe              LC0000000200000007
622267084131123              000000659501223344       Jane Doe              LC0000000200000008
622267084131123              000003427501223344       John Doe              LC0000000200000009
622267084131123              000008144001223344       John Doe              LC0000000200000010
622267084131123              000007155101223344       John Doe              LC0000000200000011
622267084131123              000006749001223344       John Doe              LC0000000200000012
622267084131123              000005194801223344       John Doe              LC0000000200000013
622267084131123              000000624001223344       Jane Doe              LC0000000200000014
622267084131123              000004779101223344       John Doe              LC0000000200000015
622267084131123              000009077501223344       Jane Doe              LC0000000200000016
622267084131123              000006718201223344       John Doe              LC0000000200000017
622267084131123              000009453301223344       Jane Doe              LC0000000200000018
622267084131123              000002987401223344       Jane Doe              LC0000000200000019
622267084131123              000000345501223344       Jane Doe              LC0000000200000020
822000002000330033000000000000000000010129001234567890                         061000010000002
5220My Company      DiscretionaryData   1234567890PPDComp desc 2405182405181391061000010000003
622267084131123              000004321701223344       Jane Doe              LC0000000300000001
622267084131123              000002229001223344       John Doe              LC0000000300000002
622267084131123              000003984901223344       Jane Doe              LC0000000300000003
622267084131123              000000123801223344       Jane Doe              LC0000000300000004
622267084131123              000002151201223344       John Doe              LC0000000300000005
622267084131123              000002256701223344       Jane Doe              LC0000000300000006
622267084131123              000003389601223344       John Doe              LC0000000300000007
622267084131123              000003596501223344       John Doe              LC0000000300000008
622267084131123              000002061201223344       John Doe              LC0000000300000009
622267084131123              000004150301223344       John Doe              LC0000000300000010
622267084131123              000009483401223344       John Doe              LC0000000300000011
622267084131123              000007393101223344       Jane Doe              LC0000000300000012
622267084131123              000000974101223344       John Doe              LC0000000300000013
622267084131123              000007221301223344       Jane Doe              LC0000000300000014
622267084131123              000005274501223344       Jane Doe              LC0000000300000015
622267084131123              000001987701223344       Jane Doe              LC0000000300000016
622267084131123              000003299501223344       Jane Doe              LC0000000300000017
622267084131123              000009061801223344       Jane Doe              LC0000000300000018
622267084131123              000003067201223344       John Doe              LC0000000300000019
622267084131123              000008117701223344       Jane Doe              LC0000000300000020
822000002000330033000000000000000000008414521234567890                         061000010000003
5220My Company      DiscretionaryData   1234567890PPDComp desc 2405182405181391061000010000004
622267084131123              000009429401223344       John Doe              LC0000000400000001
622267084131123              000005705701223344       Jane Doe              LC0000000400000002
622267084131123              000006967501223344       John Doe              LC0000000400000003
622267084131123              000009818101223344       John Doe              LC0000000400000004
622267084131123              000007643001223344       Jane Doe              LC0000000400000005
622267084131123              000005018901223344       John Doe              LC0000000400000006
622267084131123              000005048801223344       Jane Doe              LC0000000400000007
622267084131123              000008001901223344       John Doe              LC0000000400000008
622267084131123              000003771801223344       John Doe              LC0000000400000009
622267084131123              000000057301223344       Jane Doe              LC0000000400000010
622267084131123              000000576901223344       Jane Doe              LC0000000400000011
622267084131123              000008575901223344       Jane Doe              LC0000000400000012
622267084131123              000009049101223344       Jane Doe              LC0000000400000013
622267084131123              000001529501223344       Jane Doe              LC0000000400000014
622267084131123              000005464301223344       John Doe              LC0000000400000015
622267084131123              000008898001223344       John Doe              LC0000000400000016
622267084131123              000009272601223344       Jane Doe              LC0000000400000017
622267084131123              000005574101223344       John Doe              LC0000000400000018
622267084131123              000002624201223344       John Doe              LC0000000400000019
622267084131123              000008013001223344       John Doe              LC0000000400000020
822000002000330033000000000000000000012104001234567890                         061000010000004
5220My Company      DiscretionaryData   1234567890PPDComp desc 2405182405181391061000010000005
622267084131123              000000409501223344       John Doe              LC0000000500000001
622267084131123              000007152901223344       John Doe              LC0000000500000002
622267084131123              000005989101223344       Jane Doe              LC0000000500000003
622267084131123              000006288101223344       Jane Doe              LC0000000500000004
622267084131123              000002952301223344       Jane Doe              LC0000000500000005
622267084131123              000008948701223344       Jane Doe              LC0000000500000006
622267084131123              000003820501223344       John Doe              LC0000000500000007
622267084131123              000007967101223344       Jane Doe              LC0000000500000008
622267084131123              000007490301223344       Jane Doe              LC0000000500000009
622267084131123              000003311801223344       John Doe              LC0000000500000010
622267084131123              000006488301223344       Jane Doe              LC0000000500000011
622267084131123              000009344201223344       John Doe              LC0000000500000012
622267084131123              000003594501223344       John Doe              LC0000000500000013
622267084131123              000009697501223344       Jane Doe              LC0000000500000014
622267084131123              000004561001223344       Jane Doe              LC0000000500000015
622267084131123              000004849801223344       Jane Doe              LC0000000500000016
622267084131123              000008776901223344       John Doe              LC0000000500000017
622267084131123              000003337901223344       Jane Doe              LC0000000500000018
622267084131123              000007592301223344       Jane Doe              LC0000000500000019
622267084131123              000001456501223344       Jane Doe              LC0000000500000020
822000002000330033000000000000000000011402921234567890                         061000010000005
9000005000010000001002670841300000000000000000005274657                                       