101 990000013 9876543212405180723A094101DEST NAME              ORIGIN NAME            XXXXXXXX
5225My Company      DiscretionaryData   1234567890PPDComp desc 2405182405181391061000010000001
627267084131123              000001561601223344       John Doe              LC0000000100000001
627267084131123              000002423401223344       John Doe              LC0000000100000002
627267084131123              000001130401223344       John Doe              LC0000000100000003
627267084131123              000001415201223344       John Doe              LC0000000100000004
627267084131123              000009286901223344       John Doe              LC0000000100000005
822500000500330033000000001581750000000000001234567890                         061000010000001
9000001000010000000050133542065000000158175000000000000                                       