101 990000013 9876543212405180723A094101DEST NAME              ORIGIN NAME            XXXXXXXX
5200My Company      DiscretionaryData   1234567890PPDComp desc 2405182405181391061000010000001
622267084131123              000002024101223344       Will Power           LC0000000100000001
627267084131123              000009116101223344       Ella Vator LC0000000100000002
627267084131123              000000477501223344       Sandy BLC0000000100000003
627267084131123              000002494001223344       Sue FlaLC0000000100000004
622267084131123              000002546501223344       Justin Time  LC0000000100000005
622267084131123              000008325601223344       Justin Time  LC0000000100000006
622267084131123              000006839601223344       Al LC0000000100000007
622267084131123              000003539701223344       Sandy BLC0000000100000008
622267084131123              000000566901223344       Barry CuLC0000000100000009
622267084131123              000005447401223344       Sue FlaLC0000000100000010
820000001000330033000000001208760000002928981234567890                         061000010000001
9000001000010000000100267084130000000120876000000292898                                       