101 990000013 9876543212405241637A094101DEST NAME              ORIGIN NAME            XXXXXXXX
5220My Company      DiscretionaryData   1234567890PPDComp desc 2405242405241451061000010000001
622267084131123              000002531101223344       Jane Doe              LC0000000100000001
622267084131123              000009300201223344       John Doe              LC0000000100000002
622267084131123              000006774201223344       Jane Doe              LC0000000100000003
622267084131123              000004449901223344       John Doe              LC0000000100000004
622267084131123              000008942501223344       Jane Doe              LC0000000100000005
622267084131123              000004496401223344       Jane Doe              LC0000000100000006
622267084131123              000000922301223344       John Doe              LC0000000100000007
622267084131123              000006980501223344       Jane Doe              LC0000000100000008
622267084131123              000002626301223344       Jane Doe              LC0000000100000009
622267084131123              000003179201223344       John Doe              LC0000000100000010
622267084131123              000009117301223344       John Doe              LC0000000100000011
622267084131123              000007141601223344       Jane Doe              LC0000000100000012
622267084131123              000003284101223344       Jane Doe              LC0000000100000013
622267084131123              000002243201223344       John Doe              LC0000000100000014
622267084131123              000003141701223344       John Doe              LC0000000100000015
622267084131123              000000037901223344       Jane Doe              LC0000000100000016
622267084131123              000009001901223344       Jane Doe              LC0000000100000017
622267084131123              000008913401223344       Jane Doe              LC0000000100000018
622267084131123              000003870001223344       Jane Doe              LC0000000100000019
622267084131123              000009997301223344       John Doe              LC0000000100000020
822000002000330033000000000000000000010695101234567890                         061000010000001
5220My Company      DiscretionaryData   1234567890PPDComp desc 2405242405241451061000010000002
622267084131123              000008527401223344       Jane Doe              LC0000000200000001
622267084131123              000006066201223344       Jane Doe              LC0000000200000002
622267084131123              000001990001223344       Jane Doe              LC0000000200000003
622267084131123              000002907901223344       John Doe              LC0000000200000004
622267084131123              000007950801223344       Jane Doe              LC0000000200000005
622267084131123              000007716601223344       John Doe              LC0000000200000006
622267084131123              000008483201223344       John Doe              LC0000000200000007
622267084131123              000009312201223344       John Doe              LC0000000200000008
622267084131123              000009535301223344       Jane Doe              LC0000000200000009
622267084131123              000000761301223344       Jane Doe              LC0000000200000010
622267084131123              000005170001223344       John Doe              LC0000000200000011
622267084131123              000000936001223344       John Doe              LC0000000200000012
622267084131123              000000911601223344       John Doe              LC0000000200000013
622267084131123              000001925501223344       Jane Doe              LC0000000200000014
622267084131123              000009235701223344       John Doe              LC0000000200000015
622267084131123              000000150901223344       Jane Doe              LC0000000200000016
622267084131123              000008996501223344       Jane Doe              LC0000000200000017
622267084131123              000003066001223344       Jane Doe              LC0000000200000018
622267084131123              000003556501223344       John Doe              LC0000000200000019
622267084131123              000009475101223344       John Doe              LC0000000200000020
822000002000330033000000000000000000010667471234567890                         061000010000002
5220My Company      DiscretionaryData   1234567890PPDComp desc 2405242405241451061000010000003
622267084131123              000004201401223344       John Doe              LC0000000300000001
622267084131123              000001736401223344       Jane Doe              LC0000000300000002
622267084131123              000001984001223344       Jane Doe              LC0000000300000003
622267084131123              000009746001223344       John Doe              LC0000000300000004
622267084131123              000006271701223344       Jane Doe              LC0000000300000005
622267084131123              000009135001223344       John Doe              LC0000000300000006
622267084131123              000008177701223344       Jane Doe              LC0000000300000007
622267084131123              000005107001223344       Jane Doe              LC0000000300000008
622267084131123              000007559601223344       Jane Doe              LC0000000300000009
622267084131123              000004004601223344       Jane Doe              LC0000000300000010
622267084131123              000002905101223344       John Doe              LC0000000300000011
622267084131123              000000516001223344       John Doe              LC0000000300000012
622267084131123              000009935901223344       Jane Doe              LC0000000300000013
622267084131123              000001714601223344       John Doe              LC0000000300000014
622267084131123              000006051201223344       Jane Doe              LC0000000300000015
622267084131123              000003426101223344       Jane Doe              LC0000000300000016
622267084131123              000003048201223344       John Doe              LC0000000300000017
622267084131123              000002708901223344       Jane Doe              LC0000000300000018
622267084131123              000008693101223344       Jane Doe              LC0000000300000019
622267084131123              000001245601223344       Jane Doe              LC0000000300000020
822000002000330033000000000000000000009816811234567890                         061000010000003
5220My Company      DiscretionaryData   1234567890PPDComp desc 2405242405241451061000010000004
622267084131123              000001094501223344       Jane Doe              LC0000000400000001
622267084131123              000000381901223344       Jane Doe              LC0000000400000002
622267084131123              000006640101223344       Jane Doe              LC0000000400000003
622267084131123              000006160701223344       Jane Doe              LC0000000400000004
622267084131123              000001960701223344       John Doe              LC0000000400000005
622267084131123              000000952501223344       John Doe              LC0000000400000006
622267084131123              000009792401223344       Jane Doe              LC0000000400000007
622267084131123              000006488601223344       John Doe              LC0000000400000008
622267084131123              000001563501223344       Jane Doe              LC0000000400000009
622267084131123              000001521701223344       Jane Doe              LC0000000400000010
622267084131123              000009821301223344       John Doe              LC0000000400000011
622267084131123              000002971901223344       Jane Doe              LC0000000400000012
622267084131123              000009404401223344       John Doe              LC0000000400000013
622267084131123              000000116701223344       John Doe              LC0000000400000014
622267084131123              000001525301223344       John Doe              LC0000000400000015
622267084131123              000007177301223344       Jane Doe              LC0000000400000016
622267084131123              000007325601223344       John Doe              LC0000000400000017
622267084131123              000009807401223344       Jane Doe              LC0000000400000018
622267084131123              000007071201223344       Jane Doe              LC0000000400000019
622267084131123              000007556501223344       John Doe              LC0000000400000020
822000002000330033000000000000000000009933421234567890                         061000010000004
5220My Company      DiscretionaryData   1234567890PPDComp desc 2405242405241451061000010000005
622267084131123              000005172801223344       John Doe              LC0000000500000001
622267084131123              000006951501223344       John Doe              LC0000000500000002
622267084131123              000008417501223344       John Doe              LC0000000500000003
622267084131123              000004332501223344       Jane Doe              LC0000000500000004
622267084131123              000009254301223344       Jane Doe              LC0000000500000005
622267084131123              000007763401223344       John Doe              LC0000000500000006
622267084131123              000002092101223344       John Doe              LC0000000500000007
622267084131123              000003720401223344       Jane Doe              LC0000000500000008
622267084131123              000008113101223344       John Doe              LC0000000500000009
622267084131123              000001441201223344       Jane Doe              LC0000000500000010
622267084131123              000002729401223344       John Doe              LC0000000500000011
622267084131123              000003207901223344       John Doe              LC0000000500000012
622267084131123              000002272801223344       John Doe              LC0000000500000013
622267084131123              000009665101223344       Jane Doe              LC0000000500000014
622267084131123              000004125801223344       Jane Doe              LC0000000500000015
622267084131123              000007243101223344       Jane Doe              LC0000000500000016
622267084131123              000009248401223344       Jane Doe              LC0000000500000017
622267084131123              000006840601223344       Jane Doe              LC0000000500000018
622267084131123              000002564201223344       Jane Doe              LC0000000500000019
622267084131123              000000660901223344       John Doe              LC0000000500000020
822000002000330033000000000000000000010581701234567890                         061000010000005
9000005000010000001002670841300000000000000000005169450                                       