101 990000013 9876543212405241637A094101DEST NAME              ORIGIN NAME            XXXXXXXX
5200My Company      DiscretionaryData   1234567890PPDComp desc 2405242405241451061000010000001
627267084131123              000001328101223344       Jane Doe              LC0000000100000001
627267084131123              000006760401223344       Jane Doe              LC0000000100000002
622267084131123              000005038001223344       John Doe              LC0000000100000003
622267084131123              000000874201223344       John Doe              LC0000000100000004
627267084131123              000006755701223344       John Doe              LC0000000100000005
627267084131123              000003962801223344       Jane Doe              LC0000000100000006
622267084131123              000001461201223344       John Doe              LC0000000100000007
627267084131123              000002396101223344       Jane Doe              LC0000000100000008
622267084131123              000003619201223344       John Doe              LC0000000100000009
622267084131123              000008158601223344       Jane Doe              LC0000000100000010
820000001000330033000000002120310000001915121234567890                         061000010000001
9000001000010000000100267084130000000212031000000191512                                       