101 990000013 9876543212405160642A094101DEST NAME              ORIGIN NAME            XXXXXXXX
5220My Company      DiscretionaryData   1234567890PPDComp desc 2405162405161371061000010000001
622267084131123              000000010001223344       John Doe              LC0000000100000001
822000000100330033000000000000000000000001001234567890                         061000010000001
9000001000010000000010026708413000000000000000000000100                                       