101 990000013 9876543212405241637A094101DEST NAME              ORIGIN NAME            XXXXXXXX
5225My Company      DiscretionaryData   1234567890PPDComp desc 2405242405241451061000010000001
627267084131123              000008003401223344       Jane Doe              LC0000000100000001
627267084131123              000006487901223344       John Doe              LC0000000100000002
627267084131123              000008260601223344       Jane Doe              LC0000000100000003
627267084131123              000009817101223344       Jane Doe              LC0000000100000004
627267084131123              000000703101223344       Jane Doe              LC0000000100000005
822500000500330033000000003327210000000000001234567890                         061000010000001
9000001000010000000050133542065000000332721000000000000                                       