101 990000013 9876543212405180723A094101DEST NAME              ORIGIN NAME            XXXXXXXX
5200My Company      DiscretionaryData   1234567890PPDComp desc 2405182405181391061000010000001
627267084131123              000005535201223344       John Doe              LC0000000100000001
627267084131123              000002776601223344       Jane Doe              LC0000000100000002
627267084131123              000004531601223344       John Doe              LC0000000100000003
627267084131123              000009146401223344       John Doe              LC0000000100000004
622267084131123              000001487201223344       John Doe              LC0000000100000005
622267084131123              000003754501223344       Jane Doe              LC0000000100000006
622267084131123              000000596501223344       Jane Doe              LC0000000100000007
622267084131123              000000607301223344       Jane Doe              LC0000000100000008
622267084131123              000001103301223344       John Doe              LC0000000100000009
622267084131123              000006239001223344       Jane Doe              LC0000000100000010
820000001000330033000000002198980000001378781234567890                         061000010000001
9000001000010000000100267084130000000219898000000137878                                       