101 990000013 9876543212405160642C094101DEST NAME              ORIGIN NAME            XXXXXXXX
5200My Company      DiscretionaryData   1234567890PPDComp desc 2405162405161371061000010000001
622267084131123              000005896201223344       Paige Turner          LC0000000100000001
622267084131123              000005578501223344       Will Power            LC0000000100000002
627267084131123              000008882101223344       Holly Wood            LC0000000100000003
627267084131123              000001697501223344       Barry Cuda            LC0000000100000004
622267084131123              000004266701223344       Holly Wood            LC0000000100000005
627267084131123              000006574201223344       Sandy Beaches         LC0000000100000006
622267084131123              000009004701223344       Justin Time           LC0000000100000007
622267084131123              000003010101223344       Holly Wood            LC0000000100000008
622267084131123              000003685901223344       Ella Vator            LC0000000100000009
622267084131123              000003252501223344       Will Power            LC0000000100000010
820000001000330033000000001715380000003469461234567890                         061000010000001
9000001000010000000100267084130000000171538000000346946                                       