101 990000013 9876543212405241637C094101DEST NAME              ORIGIN NAME            XXXXXXXX
5200My Company      DiscretionaryData   1234567890PPDComp desc 2405242405241451061000010000001
622267084131123              000008113601223344       Justin Time           LC0000000100000001
622267084131123              000005103901223344       Barry Cuda            LC0000000100000002
627267084131123              000003861701223344       Holly Wood            LC0000000100000003
622267084131123              000002560001223344       Paige Turner          LC0000000100000004
627267084131123              000000678601223344       Paige Turner          LC0000000100000005
622267084131123              000005325601223344       Paige Turner          LC0000000100000006
627267084131123              000007262001223344       Al Beback             LC0000000100000007
627267084131123              000008654901223344       Terry Aki             LC0000000100000008
622267084131123              000008557601223344       Holly Wood            LC0000000100000009
622267084131123              000005011201223344       Paige Turner          LC0000000100000010
820000001000330033000000002045720000003467191234567890                         061000010000001
9000001000010000000100267084130000000204572000000346719                                       