101 990000013 9876543212405180723C094101DEST NAME              ORIGIN NAME            XXXXXXXX
5200My Company      DiscretionaryData   1234567890PPDComp desc 2405182405181391061000010000001
622267084131123              000000771901223344       Sue Flay              LC0000000100000001
622267084131123              000008458201223344       Barry Cuda            LC0000000100000002
622267084131123              000007315701223344       Sandy Beaches         LC0000000100000003
622267084131123              000003586901223344       Barry Cuda            LC0000000100000004
627267084131123              000005945401223344       Al Beback             LC0000000100000005
627267084131123              000001509501223344       Ella Vator            LC0000000100000006
622267084131123              000005199901223344       Will Power            LC0000000100000007
627267084131123              000004586601223344       Will Power            LC0000000100000008
627267084131123              000001833401223344       Paige Turner          LC0000000100000009
622267084131123              000001591401223344       Sandy Beaches         LC0000000100000010
820000001000330033000000001387490000002692401234567890                         061000010000001
9000001000010000000100267084130000000138749000000269240                                       