101 990000013 6910001340402200830B094101DEST NAME              ORIGIN NAME            XXXXXXXX
5200Company name    DiscretionaryData   Company IDARCComp desc 0216232302160471061000010000001
627267084131123              000000010101223344       xxxxxxxxxxxxxxxxxxxxxxLC0061000010001001
82000000060033003300000000000406000000000000Company ID                         061000010000001
9000010000010000000740198019800000000015025000100532125