101 990000013 6910001340402200830B094101DEST NAME              ORIGIN NAME            XXXXXXXX
5200CCD coname                          1234567890CCDDesc      0216232302170481061000010000002
62226708413234               0000000201222222222222222TESTS CCD1 TRANSACTIONS 1061000010002001
705Addenda stuff                                                                   00010002001
820000000600247524750000000004040000000002011234567890                         061000010000002
9000010000010000000740198019800000000532125000000532125                                       