101 990000013 6910001340402200830A094101DEST NAME              ORIGIN NAME            XXXXXXXX
5200Company name    DiscretionaryData   1234567890ARCComp desc 0216232302160471061000010000001
627267084131123              000000010101223344       xxxxxxxxxxxxxxxxxxxxxxLC0061000010001001
6272670841311234             0000000102027766554433221An ARC                LC0061000010001002
62626708413100000000000012345000000010111223344       xxxxxxxxxxxxxxxxxxxxxxLC1061000010001003
799R01021302641003335      06310027RETURN OF ARC TRANSACTION                   061000010001003
626267084131123456           0000000102887766554433221xxxx                  LC1061000010001004
799R01021302641003335      06310027RETURN OF ARC TRANSACTION                   061000010001004
820000000600330033000000000004060000000000001234567890                         061000010000001
5200CCD coname                          1234567890CCDDesc      0216232302170481061000010000002
62226708413234               0000000201222222222222222TESTS CCD1 TRANSACTIONS 1061000010002001
705Addenda stuff                                                                   00010002001
82000000060024752475000000000404000000000201CCDCompany                         061000010000002
5200CTXCompname                         1234567890CTXCompDesc  0216232302160471061000010000003
6272670841345                0000000301               0003xxxxxxxxxxxxxxxx  LC1061000010003001
705Test 1                                                                          00010003001
705Test 2                                                                          00020003001
705Test 3                                                                          00030003001
6222670841313456             0000000302               0002xxxx                1061000010003002
705Test addenda 1                                                                  00010003002
705Test addenda 2                                                                  00020003002
820000000800165016500000000003010000000003021234567890                         061000010000003
5200Comp--name052308Discretionary---Data1234567890MTEComp--desc0216232302160471061000010000005
6272670841315678             0000000501INDIVIDUAL---IDINDIVIDUAL--------NAMEdd1061000010005001
702TxnDescIDCTermIDSerial0216235959Terminal Location          Term City      FL061000010005001
62226708413156789            0000000502XXXXXXXXXXXXXXXYYYYYYYYYYYYYYYYYYYYYYDD1061000010005002
702MTETXN    TERMID2000020216235959Galleria                   Miami          FL061000010005002
820000000400165016500000000004010000000004021234567890                         061000010000005
9000010000010000000740198019800000000007825000114611480                                       