101 267084131 6910001340402200830A094101DEST NAME              ORIGIN NAME            XXXXXXXX
5200Company name    DiscretionaryData   Company IDARCComp desc 0216232302160471061000010000001
627267084131123              000000010101223344       xxxxxxxxxxxxxxxxxxxxxxLC0061000010001001
6272670841311234             0000000102027766554433221An ARC                LC0061000010001002
62626708413100000000000012345000000010111223344       xxxxxxxxxxxxxxxxxxxxxxLC1061000010001003
799R01021302641003335      06310027RETURN OF ARC TRANSACTION                   061000010001003
626267084131123456           0000000102887766554433221xxxx                  LC1061000010001004
799R01021302641003335      06310027RETURN OF ARC TRANSACTION                   061000010001004
82000000060033003300000000000406000000000000Company ID                         061000010000001
5200Company name    DiscretionaryData   Company IDARCComp desc 0216232302160471061000010000001
627267084131123              000000010101223344       xxxxxxxxxxxxxxxxxxxxxxLC0061000010001001
6272670841311234             0000000102027766554433221An ARC                LC0061000010001002
62626708413100000000000012345000000010111223344       xxxxxxxxxxxxxxxxxxxxxxLC1061000010001003
799R01021302641003335      06310027RETURN OF ARC TRANSACTION                   061000010001003
626267084131123456           0000000102887766554433221xxxx                  LC1061000010001004
799R01021302641003335      06310027RETURN OF ARC TRANSACTION                   061000010001004
82000000060033003300000000000406000000000000Company ID                         061000010000001
5200Company name    DiscretionaryData   Company IDARCComp desc 0216232302160471061000010000001
627267084131123              000000010101223344       xxxxxxxxxxxxxxxxxxxxxxLC0061000010001001
6272670841311234             0000000102027766554433221An ARC                LC0061000010001002
62626708413100000000000012345000000010111223344       xxxxxxxxxxxxxxxxxxxxxxLC1061000010001003
799R01021302641003335      06310027RETURN OF ARC TRANSACTION                   061000010001003
626267084131123456           0000000102887766554433221xxxx                  LC1061000010001004
799R01021302641003335      06310027RETURN OF ARC TRANSACTION                   061000010001004
82000000060033003300000000000406000000000000Company ID                         061000010000001
5200CTXCompname                         CompID    CTXCompDesc  0216232302160471061000010000003
6272670841345                0000000301               0003xxxxxxxxxxxxxxxx  LC1061000010003001
705Test 1                                                                          00010003001
705Test 2                                                                          00020003001
705Test 3                                                                          00030003001
6222670841313456             0000000302               0002xxxx                1061000010003002
705Test addenda 1                                                                  00010003002
705Test addenda 2                                                                  00020003002
82000000080016501650000000000301000000000302CompID                             061000010000003
9000010000010000000740198019800000000007825000114611480                                       