101 123456789 9876543212403031332A094101DEST NAME              ORIGIN NAME            XXXXXXXX
5200My Company      DiscretionaryData   1234567890PPDComp desc 0216232302160471061000010000001
622267084131123              000001375901223344       John Doe              LC0000000100000001
622267084131123              000001028201223344       John Doe              LC0000000100000002
622267084131123              000006258801223344       Jane Doe              LC0000000100000003
627267084131123              000000055401223344       Jane Doe              LC0000000100000004
627267084131123              000009477701223344       Jane Doe              LC0000000100000005
622267084131123              000009161501223344       John Doe              LC0000000100000006
622267084131123              000006109701223344       John Doe              LC0000000100000007
622267084131123              000005360201223344       John Doe              LC0000000100000008
622267084131123              000003582001223344       Jane Doe              LC0000000100000009
627267084131123              000003152601223344       John Doe              LC0000000100000010
820000001000330033000000001268570000003287631234567890                         061000010000001
9000001000010000000100198019800000000126857000000328763                                       