101 123456789 9876543212403031332A094101DEST NAME              ORIGIN NAME            XXXXXXXX
5220My Company      DiscretionaryData   1234567890PPDComp desc 0216232302160471061000010000001
622267084131123              000000015701223344       John Doe              LC0000000100000001
622267084131123              000000067101223344       Jane Doe              LC0000000100000002
622267084131123              000000030201223344       Jane Doe              LC0000000100000003
622267084131123              000000068901223344       Jane Doe              LC0000000100000004
622267084131123              000000095201223344       Jane Doe              LC0000000100000005
622267084131123              000000037301223344       Jane Doe              LC0000000100000006
622267084131123              000000079701223344       John Doe              LC0000000100000007
622267084131123              000000003101223344       John Doe              LC0000000100000008
622267084131123              000000033901223344       John Doe              LC0000000100000009
622267084131123              000000048401223344       John Doe              LC0000000100000010
822000001000330033000000000000000000000047951234567890                         061000010000001
9000001000010000000100198019800000000000000000000004795                                       