101 990000013 6910001342407040801A094101Metropolis Trust Bank  ASF APPLICATION SUPERVIXXXXXXXX
5220                FF3               US1234567890IATGIFT      USDUSD2407041861123456780000001
6222670841310007             0000000100123                                    1000000010000001
710WEB000000000000000100                      Sarah Johnson                            0000001
711ELENA SANTIAGO                     CALLE FICTICIA 123                               0000001
712BILBAO*BIZKAIA\                    ES*48001\                                        0000001
713IBERIA GLOBAL BANK                 0112345678                          US           0000001
714Metropolis Trust Bank              01247611456                         US           0000001
715               9999 NORTH BROADWAY                                                  0000001
716NEW YORK*NY\                       US*10001\                                        0000001
822000000100330033000000000000000000000001001234567890                         123456780000001
9000001000010000000010026708413000000000000000000000100                                       