101 990000013 9876543212403291625A094101DEST NAME              ORIGIN NAME            XXXXXXXX
5200My Company      DiscretionaryData   1234567890PPDComp desc 2403292403290891061000010000001
622267084131123              000007272501223344       Ella Vator            LC0000000100000001
622267084131123              000000044301223344       Ella Vator            LC0000000100000002
627267084131123              000001447101223344       Sandy Beaches         LC0000000100000003
622267084131123              000006196001223344       Ella Vator            LC0000000100000004
622267084131123              000003505601223344       Sue Flay              LC0000000100000005
622267084131123              000009458501223344       Sandy Beaches         LC0000000100000006
627267084131123              000007401901223344       Sue Flay              LC0000000100000007
627267084131123              000001647301223344       Justin Time           LC0000000100000008
627267084131123              000009840001223344       Ella Vator            LC0000000100000009
627267084131123              000000777801223344       Justin Time           LC0000000100000010
820000001000330033000000002111410000002647691234567890                         061000010000001
9000001000010000000100267084130123456789012987654321098                                       