101 990000013 9876543212405160642A094101DEST NAME              ORIGIN NAME            XXXXXXXX
5200My Company      DiscretionaryData   1234567890PPDComp desc 2405162405161371061000010000001
627267084131123              000005381201223344       Justin Time           LC0000000100000001
622267084131123              000005903301223344       Paige Turner          LC0000000100000002
627267084131123              000003001301223344       Will Power            LC0000000100000003
627267084131123              000000616801223344       Barry Cuda            LC0000000100000004
622267084131123              000009419801223344       Al Beback             LC0000000100000005
622267084131123              000003599701223344       Ella Vator            LC0000000100000006
627267084131123              000001232701223344       Sue Flay              LC0000000100000007
627267084131123              000005694201223344       Justin Time           LC0000000100000008
627267084131123              000009699201223344       Terry Aki             LC0000000100000009
622267084131123              000004267701223344       Will Power            LC0000000100000010
820000001000330033000000002562540000002319051234567890                         061000010000001
9000001000010000000100267084130123456789012987654321098                                       