101 990000013 9876543212405160642A094201DEST NAME              ORIGIN NAME            XXXXXXXX
5200My Company      DiscretionaryData   1234567890PPDComp desc 2405162405161371061000010000001
622267084131123              000007837401223344       Sue Flay              LC0000000100000001
622267084131123              000004893801223344       Justin Time           LC0000000100000002
622267084131123              000000208901223344       Paige Turner          LC0000000100000003
622267084131123              000005210001223344       Al Beback             LC0000000100000004
622267084131123              000003554201223344       Justin Time           LC0000000100000005
627267084131123              000006692501223344       Will Power            LC0000000100000006
627267084131123              000001053501223344       Al Beback             LC0000000100000007
627267084131123              000008926301223344       Al Beback             LC0000000100000008
627267084131123              000008970801223344       Sandy Beaches         LC0000000100000009
627267084131123              000004499501223344       Ella Vator            LC0000000100000010
820000001000330033000000003014260000002170431234567890                         061000010000001
9000001000010000000100267084130000000301426000000217043                                       