101 990000013 9876543212405160642A094101DEST NAME              ORIGIN NAME            XXXXXXXX
5220My Company      DiscretionaryData   1234567890PPDComp desc 2405162405161371061000010000001
622267084131123              000000091101223344       Jane Doe              LC0000000100000001
622267084131123              000000006701223344       John Doe              LC0000000100000002
622267084131123              000000004301223344       Jane Doe              LC0000000100000003
622267084131123              000000002601223344       Jane Doe              LC0000000100000004
622267084131123              000000050701223344       Jane Doe              LC0000000100000005
622267084131123              000000019101223344       Jane Doe              LC0000000100000006
622267084131123              000000083101223344       Jane Doe              LC0000000100000007
622267084131123              000000043201223344       Jane Doe              LC0000000100000008
622267084131123              000000001801223344       John Doe              LC0000000100000009
622267084131123              000000003501223344       Jane Doe              LC0000000100000010
822000001000330033000000000000000000000030611234567890                         061000010000001
9000001000010000000100267084130000000000000000000003061                                       