101 990000013 9876543212403291625A094101DEST NAME              ORIGIN NAME            XXXXXXXX
5200My Company      DiscretionaryData   1234567890PPDComp desc 2403292403290891061000010000001
627267084131123              000000987701223344       John Doe              LC0000000100000001
627267084131123              000006093301223344       John Doe              LC0000000100000002
622267084131123              000002647701223344       Jane Doe              LC0000000100000003
622267084131123              000002366501223344       John Doe              LC0000000100000004
622267084131123              000005419701223344       John Doe              LC0000000100000005
622267084131123              000009670801223344       John Doe              LC0000000100000006
627267084131123              000009892501223344       John Doe              LC0000000100000007
622267084131123              000003763801223344       Jane Doe              LC0000000100000008
627267084131123              000005330101223344       Jane Doe              LC0000000100000009
622267084131123              000007366201223344       Jane Doe              LC0000000100000010
820000001000330033000000002230360000003123471234567890                         061000010000001
9000001000010000000100267084130000000223036000000312347                                       