101 990000013 9876543212405160642A094101DEST NAME              ORIGIN NAME            XXXXXXXX
5225My Company      DiscretionaryData   1234567890PPDComp desc 2405162405161371061000010000001
627267084131123              000001741201223344       Jane Doe              LC0000000100000001
627267084131123              000004225701223344       John Doe              LC0000000100000002
627267084131123              000004376901223344       Jane Doe              LC0000000100000003
627267084131123              000009934701223344       John Doe              LC0000000100000004
627267084131123              000006137301223344       John Doe              LC0000000100000005
822500000500330033000000002641580000000000001234567890                         061000010000001
9000001000010000000050133542065000000264158000000000000                                       