101 990000013 9876543212405160642A094101DEST NAME              ORIGIN NAME            XXXXXXXX
5200My Company      DiscretionaryData   1234567890PPDComp desc 2405162405161371061000010000001
627267084131123              000000036101223344       Jane Doe              LC0000000100000001
622267084131123              000004311701223344       John Doe              LC0000000100000002
627267084131123              000009100301223344       John Doe              LC0000000100000003
622267084131123              000007669001223344       Jane Doe              LC0000000100000004
622267084131123              000002861701223344       Jane Doe              LC0000000100000005
627267084131123              000008576801223344       Jane Doe              LC0000000100000006
622267084131123              000000883901223344       Jane Doe              LC0000000100000007
627267084131123              000007828301223344       Jane Doe              LC0000000100000008
622267084131123              000002129801223344       John Doe              LC0000000100000009
622267084131123              000006847201223344       John Doe              LC0000000100000010
820000001000330033000000002554150000002470331234567890                         061000010000001
9000001000010000000100267084130000000255415000000247033                                       