101 990000013 9876543212403291625A094101DEST NAME              ORIGIN NAME            XXXXXXXX
5225My Company      DiscretionaryData   1234567890PPDComp desc 2403292403290891061000010000001
627267084131123              000007193601223344       Jane Doe              LC0000000100000001
627267084131123              000002170301223344       John Doe              LC0000000100000002
627267084131123              000001293801223344       John Doe              LC0000000100000003
627267084131123              000005858901223344       John Doe              LC0000000100000004
627267084131123              000008327001223344       John Doe              LC0000000100000005
822500000500330033000000002484360000000000001234567890                         061000010000001
9000001000010000000050133542065000000248436000000000000                                       