101 990000013 9876543212403291625A094101DEST NAME              ORIGIN NAME            XXXXXXXX
5200My Company      DiscretionaryData   1234567890PPDComp desc 2403292403290891061000010000001
622267084131123              000006145901223344       PaigeLC0000000100000001
622267084131123              000003364301223344       HoLC0000000100000002
622267084131123              000003585501223344       Sue Flay           LC0000000100000003
622267084131123              000004468601223344       HoLC0000000100000004
622267084131123              000002529201223344       Ella Vator          LC0000000100000005
627267084131123              000005402301223344       Al Beback          LC0000000100000006
627267084131123              000002150701223344       Sue Flay           LC0000000100000007
627267084131123              000009682601223344       Al Beback          LC0000000100000008
627267084131123              000005409701223344       Barry Cuda       LC0000000100000009
622267084131123              000002567101223344       Ella Vator          LC0000000100000010
820000001000330033000000002264530000002266061234567890                         061000010000001
9000001000010000000100267084130000000226453000000226606                                       