101 990000013 9876543212403291625A094101DEST NAME              ORIGIN NAME            XXXXXXXX
5220My Company      DiscretionaryData   1234567890PPDComp desc 2403292403290891061000010000001
622267084131123              000003755201223344       John Doe              LC0000000100000001
622267084131123              000009983801223344       John Doe              LC0000000100000002
622267084131123              000002163601223344       John Doe              LC0000000100000003
622267084131123              000002922801223344       Jane Doe              LC0000000100000004
622267084131123              000004520001223344       Jane Doe              LC0000000100000005
622267084131123              000004359901223344       Jane Doe              LC0000000100000006
622267084131123              000005248501223344       John Doe              LC0000000100000007
622267084131123              000008417201223344       Jane Doe              LC0000000100000008
622267084131123              000008660101223344       John Doe              LC0000000100000009
622267084131123              000001805501223344       John Doe              LC0000000100000010
622267084131123              000007883401223344       Jane Doe              LC0000000100000011
622267084131123              000007830001223344       Jane Doe              LC0000000100000012
622267084131123              000000080401223344       Jane Doe              LC0000000100000013
622267084131123              000002457501223344       Jane Doe              LC0000000100000014
622267084131123              000004782601223344       John Doe              LC0000000100000015
622267084131123              000001389001223344       John Doe              LC0000000100000016
622267084131123              000002212201223344       John Doe              LC0000000100000017
622267084131123              000005164301223344       John Doe              LC0000000100000018
622267084131123              000000158301223344       Jane Doe              LC0000000100000019
622267084131123              000007794001223344       Jane Doe              LC0000000100000020
822000002000330033000000000000000000009158831234567890                         061000010000001
5220My Company      DiscretionaryData   1234567890PPDComp desc 2403292403290891061000010000002
622267084131123              000001743901223344       John Doe              LC0000000200000001
622267084131123              000004068401223344       John Doe              LC0000000200000002
622267084131123              000006273401223344       John Doe              LC0000000200000003
622267084131123              000006565401223344       Jane Doe              LC0000000200000004
622267084131123              000004403101223344       Jane Doe              LC0000000200000005
622267084131123              000003176701223344       Jane Doe              LC0000000200000006
622267084131123              000003345901223344       John Doe              LC0000000200000007
622267084131123              000000309601223344       Jane Doe              LC0000000200000008
622267084131123              000007935201223344       Jane Doe              LC0000000200000009
622267084131123              000001521701223344       John Doe              LC0000000200000010
622267084131123              000005312001223344       Jane Doe              LC0000000200000011
622267084131123              000002687801223344       Jane Doe              LC0000000200000012
622267084131123              000008637801223344       John Doe              LC0000000200000013
622267084131123              000000182401223344       Jane Doe              LC0000000200000014
622267084131123              000003521401223344       John Doe              LC0000000200000015
622267084131123              000009132601223344       John Doe              LC0000000200000016
622267084131123              000001337201223344       John Doe              LC0000000200000017
622267084131123              000006572101223344       Jane Doe              LC0000000200000018
622267084131123              000002679001223344       Jane Doe              LC0000000200000019
622267084131123              000002135701223344       John Doe              LC0000000200000020
822000002000330033000000000000000000008154131234567890                         061000010000002
5220My Company      DiscretionaryData   1234567890PPDComp desc 2403292403290891061000010000003
622267084131123              000005279601223344       John Doe              LC0000000300000001
622267084131123              000001285901223344       John Doe              LC0000000300000002
622267084131123              000006510901223344       Jane Doe              LC0000000300000003
622267084131123              000009717501223344       John Doe              LC0000000300000004
622267084131123              000005751101223344       Jane Doe              LC0000000300000005
622267084131123              000006833601223344       John Doe              LC0000000300000006
622267084131123              000001795401223344       John Doe              LC0000000300000007
622267084131123              000006216501223344       John Doe              LC0000000300000008
622267084131123              000004443001223344       John Doe              LC0000000300000009
622267084131123              000008838601223344       John Doe              LC0000000300000010
622267084131123              000002471801223344       Jane Doe              LC0000000300000011
622267084131123              000007296601223344       Jane Doe              LC0000000300000012
622267084131123              000005244401223344       Jane Doe              LC0000000300000013
622267084131123              000008323001223344       John Doe              LC0000000300000014
622267084131123              000001855801223344       Jane Doe              LC0000000300000015
622267084131123              000006941801223344       Jane Doe              LC0000000300000016
622267084131123              000002140601223344       Jane Doe              LC0000000300000017
622267084131123              000004182201223344       John Doe              LC0000000300000018
622267084131123              000001350201223344       Jane Doe              LC0000000300000019
622267084131123              000002537701223344       John Doe              LC0000000300000020
822000002000330033000000000000000000009901621234567890                         061000010000003
5220My Company      DiscretionaryData   1234567890PPDComp desc 2403292403290891061000010000004
622267084131123              000006533401223344       Jane Doe              LC0000000400000001
622267084131123              000000319501223344       Jane Doe              LC0000000400000002
622267084131123              000005335701223344       Jane Doe              LC0000000400000003
622267084131123              000008175901223344       Jane Doe              LC0000000400000004
622267084131123              000000913701223344       John Doe              LC0000000400000005
622267084131123              000005279101223344       John Doe              LC0000000400000006
622267084131123              000001512201223344       Jane Doe              LC0000000400000007
622267084131123              000001986701223344       Jane Doe              LC0000000400000008
622267084131123              000006573001223344       John Doe              LC0000000400000009
622267084131123              000007018501223344       Jane Doe              LC0000000400000010
622267084131123              000004595801223344       Jane Doe              LC0000000400000011
622267084131123              000007662701223344       Jane Doe              LC0000000400000012
622267084131123              000007983801223344       Jane Doe              LC0000000400000013
622267084131123              000009966101223344       John Doe              LC0000000400000014
622267084131123              000005390201223344       John Doe              LC0000000400000015
622267084131123              000009555801223344       Jane Doe              LC0000000400000016
622267084131123              000002953901223344       Jane Doe              LC0000000400000017
622267084131123              000003745001223344       Jane Doe              LC0000000400000018
622267084131123              000002277301223344       Jane Doe              LC0000000400000019
622267084131123              000004914901223344       Jane Doe              LC0000000400000020
822000002000330033000000000000000000010269321234567890                         061000010000004
5220My Company      DiscretionaryData   1234567890PPDComp desc 2403292403290891061000010000005
622267084131123              000007345901223344       John Doe              LC0000000500000001
622267084131123              000004909601223344       Jane Doe              LC0000000500000002
622267084131123              000002661501223344       John Doe              LC0000000500000003
622267084131123              000001239601223344       Jane Doe              LC0000000500000004
622267084131123              000005109101223344       John Doe              LC0000000500000005
622267084131123              000007416801223344       John Doe              LC0000000500000006
622267084131123              000000459001223344       Jane Doe              LC0000000500000007
622267084131123              000009183301223344       John Doe              LC0000000500000008
622267084131123              000007368001223344       Jane Doe              LC0000000500000009
622267084131123              000002439001223344       Jane Doe              LC0000000500000010
622267084131123              000004797301223344       John Doe              LC0000000500000011
622267084131123              000009688801223344       John Doe              LC0000000500000012
622267084131123              000006457201223344       Jane Doe              LC0000000500000013
622267084131123              000003650101223344       Jane Doe              LC0000000500000014
622267084131123              000001463701223344       Jane Doe              LC0000000500000015
622267084131123              000007977701223344       Jane Doe              LC0000000500000016
622267084131123              000002167101223344       John Doe              LC0000000500000017
622267084131123              000005176701223344       Jane Doe              LC0000000500000018
622267084131123              000002605901223344       Jane Doe              LC0000000500000019
622267084131123              000009925001223344       John Doe              LC0000000500000020
822000002000330033000000000000000000010204131234567890                         061000010000005
9000005000010000001002670841300000000000000000004768803                                       