101 990000013 9876543212405160642A094101DEST NAME              ORIGIN NAME            XXXXXXXX
5220My Company      DiscretionaryData   1234567890PPDComp desc 2405162405161371061000010000001
622267084131123              000001896901223344       Jane Doe              LC0000000100000001
622267084131123              000009307801223344       Jane Doe              LC0000000100000002
622267084131123              000004394701223344       Jane Doe              LC0000000100000003
622267084131123              000007002901223344       John Doe              LC0000000100000004
622267084131123              000002122301223344       John Doe              LC0000000100000005
622267084131123              000001772601223344       Jane Doe              LC0000000100000006
622267084131123              000009951801223344       John Doe              LC0000000100000007
622267084131123              000006281601223344       John Doe              LC0000000100000008
622267084131123              000008331101223344       John Doe              LC0000000100000009
622267084131123              000003203801223344       Jane Doe              LC0000000100000010
622267084131123              000007634001223344       Jane Doe              LC0000000100000011
622267084131123              000008326301223344       John Doe              LC0000000100000012
622267084131123              000004075501223344       Jane Doe              LC0000000100000013
622267084131123              000007119501223344       Jane Doe              LC0000000100000014
622267084131123              000008321601223344       John Doe              LC0000000100000015
622267084131123              000000791101223344       Jane Doe              LC0000000100000016
622267084131123              000007775001223344       Jane Doe              LC0000000100000017
622267084131123              000003173701223344       Jane Doe              LC0000000100000018
622267084131123              000002866201223344       John Doe              LC0000000100000019
622267084131123              000006210301223344       Jane Doe              LC0000000100000020
822000002000330033000000000000000000011055871234567890                         061000010000001
5220My Company      DiscretionaryData   1234567890PPDComp desc 2405162405161371061000010000002
622267084131123              000008302001223344       John Doe              LC0000000200000001
622267084131123              000001194801223344       John Doe              LC0000000200000002
622267084131123              000005992401223344       John Doe              LC0000000200000003
622267084131123              000008237701223344       John Doe              LC0000000200000004
622267084131123              000001930301223344       Jane Doe              LC0000000200000005
622267084131123              000007685701223344       John Doe              LC0000000200000006
622267084131123              000002602201223344       Jane Doe              LC0000000200000007
622267084131123              000003315801223344       John Doe              LC0000000200000008
622267084131123              000007899101223344       John Doe              LC0000000200000009
622267084131123              000007409601223344       John Doe              LC0000000200000010
622267084131123              000000085701223344       Jane Doe              LC0000000200000011
622267084131123              000002195801223344       Jane Doe              LC0000000200000012
622267084131123              000002261901223344       Jane Doe              LC0000000200000013
622267084131123              000003145801223344       Jane Doe              LC0000000200000014
622267084131123              000001900601223344       John Doe              LC0000000200000015
622267084131123              000009190701223344       John Doe              LC0000000200000016
622267084131123              000004527601223344       Jane Doe              LC0000000200000017
622267084131123              000002249701223344       Jane Doe              LC0000000200000018
622267084131123              000007175701223344       John Doe              LC0000000200000019
622267084131123              000007623201223344       John Doe              LC0000000200000020
822000002000330033000000000000000000009492631234567890                         061000010000002
5220My Company      DiscretionaryData   1234567890PPDComp desc 2405162405161371061000010000003
622267084131123              000001383001223344       Jane Doe              LC0000000300000001
622267084131123              000002984201223344       John Doe              LC0000000300000002
622267084131123              000007235901223344       Jane Doe              LC0000000300000003
622267084131123              000003925701223344       Jane Doe              LC0000000300000004
622267084131123              000006492801223344       John Doe              LC0000000300000005
622267084131123              000005745701223344       John Doe              LC0000000300000006
622267084131123              000003043401223344       Jane Doe              LC0000000300000007
622267084131123              000005016601223344       John Doe              LC0000000300000008
622267084131123              000005889301223344       Jane Doe              LC0000000300000009
622267084131123              000005087101223344       Jane Doe              LC0000000300000010
622267084131123              000005519501223344       John Doe              LC0000000300000011
622267084131123              000009661201223344       Jane Doe              LC0000000300000012
622267084131123              000008906401223344       Jane Doe              LC0000000300000013
622267084131123              000009998501223344       John Doe              LC0000000300000014
622267084131123              000005357001223344       Jane Doe              LC0000000300000015
622267084131123              000007130301223344       John Doe              LC0000000300000016
622267084131123              000007977901223344       John Doe              LC0000000300000017
622267084131123              000000313301223344       Jane Doe              LC0000000300000018
622267084131123              000008059301223344       Jane Doe              LC0000000300000019
622267084131123              000000034201223344       Jane Doe              LC0000000300000020
822000002000330033000000000000000000010976131234567890                         061000010000003
5220My Company      DiscretionaryData   1234567890PPDComp desc 2405162405161371061000010000004
622267084131123              000006913001223344       Jane Doe              LC0000000400000001
622267084131123              000001372601223344       John Doe              LC0000000400000002
622267084131123              000002601201223344       John Doe              LC0000000400000003
622267084131123              000000997501223344       John Doe              LC0000000400000004
622267084131123              000001418201223344       John Doe              LC0000000400000005
622267084131123              000008946801223344       John Doe              LC0000000400000006
622267084131123              000001412801223344       Jane Doe              LC0000000400000007
622267084131123              000001912201223344       Jane Doe              LC0000000400000008
622267084131123              000004139801223344       John Doe              LC0000000400000009
622267084131123              000006778001223344       John Doe              LC0000000400000010
622267084131123              000004279501223344       Jane Doe              LC0000000400000011
622267084131123              000005757101223344       John Doe              LC0000000400000012
622267084131123              000004783801223344       Jane Doe              LC0000000400000013
622267084131123              000006335001223344       John Doe              LC0000000400000014
622267084131123              000004354001223344       Jane Doe              LC0000000400000015
622267084131123              000000043901223344       Jane Doe              LC0000000400000016
622267084131123              000004445401223344       Jane Doe              LC0000000400000017
622267084131123              000001691501223344       Jane Doe              LC0000000400000018
622267084131123              000001310001223344       John Doe              LC0000000400000019
622267084131123              000008975901223344       Jane Doe              LC0000000400000020
822000002000330033000000000000000000007846821234567890                         061000010000004
5220My Company      DiscretionaryData   1234567890PPDComp desc 2405162405161371061000010000005
622267084131123              000005418801223344       John Doe              LC0000000500000001
622267084131123              000002172501223344       John Doe              LC0000000500000002
622267084131123              000002593201223344       John Doe              LC0000000500000003
622267084131123              000000788801223344       John Doe              LC0000000500000004
622267084131123              000004127701223344       Jane Doe              LC0000000500000005
622267084131123              000004864001223344       John Doe              LC0000000500000006
622267084131123              000008294401223344       John Doe              LC0000000500000007
622267084131123              000006353101223344       Jane Doe              LC0000000500000008
622267084131123              000009777101223344       John Doe              LC0000000500000009
622267084131123              000006256601223344       Jane Doe              LC0000000500000010
622267084131123              000005860401223344       Jane Doe              LC0000000500000011
622267084131123              000000302801223344       John Doe              LC0000000500000012
622267084131123              000009298801223344       John Doe              LC0000000500000013
622267084131123              000008418301223344       Jane Doe              LC0000000500000014
622267084131123              000002904001223344       John Doe              LC0000000500000015
622267084131123              000005662201223344       Jane Doe              LC0000000500000016
622267084131123              000002635601223344       Jane Doe              LC0000000500000017
622267084131123              000005510501223344       Jane Doe              LC0000000500000018
622267084131123              000002192801223344       Jane Doe              LC0000000500000019
622267084131123              000005562601223344       Jane Doe              LC0000000500000020
822000002000330033000000000000000000009899421234567890                         061000010000005
9000005000010000001002670841300000000000000000004927087                                       