101 990000013 9876543212405160642A094101DEST NAME              ORIGIN NAME            XXXXXXXX
5200My Company      DiscretionaryData   1234567890PPDComp desc 2405162405161371061000010000001
627267084131123              000006852301223344       BarrLC0000000100000001
622267084131123              000009214701223344       SanLC0000000100000002
622267084131123              000001667001223344       Ella VLC0000000100000003
627267084131123              000004591901223344       Sue FLC0000000100000004
622267084131123              000006133801223344       TerryLC0000000100000005
627267084131123              000008253301223344       PaigLC0000000100000006
627267084131123              000007451101223344       Ella VLC0000000100000007
622267084131123              000004372501223344       Al Beback         LC0000000100000008
622267084131123              000001744401223344       BarrLC0000000100000009
622267084131123              000002341601223344       Ella VLC0000000100000010
820000001000330033000000002714860000002547401234567890                         061000010000001
9000001000010000000100267084130000000271486000000254740                                       