101 990000013 9876543212403291625A094101DEST NAME              ORIGIN NAME            XXXXXXXX
5220My Company      DiscretionaryData   1234567890PPDComp desc 2403292403290891061000010000001
622267084131123              000000039201223344       John Doe              LC0000000100000001
622267084131123              000000091301223344       John Doe              LC0000000100000002
622267084131123              000000070101223344       John Doe              LC0000000100000003
622267084131123              000000091401223344       Jane Doe              LC0000000100000004
622267084131123              000000080301223344       Jane Doe              LC0000000100000005
622267084131123              000000069301223344       John Doe              LC0000000100000006
622267084131123              000000022701223344       John Doe              LC0000000100000007
622267084131123              000000001901223344       Jane Doe              LC0000000100000008
622267084131123              000000020601223344       Jane Doe              LC0000000100000009
622267084131123              000000003901223344       Jane Doe              LC0000000100000010
822000001000330033000000000000000000000049071234567890                         061000010000001
9000001000010000000100267084130000000000000000000004907                                       