101 990000013 9876543212407070953A094101DEST NAME              ORIGIN NAME            XXXXXXXX
5200ElementalResourcDiscretionaryData   459876543 PPDComp desc 2407072407071891061000010000001
627267084131123              000000268001223344       Dusty Boulderson      LC0000000010000001
627267084131123              000000381001223344       Dusty Boulderson      LC0000000010000002
622267084131123              000000440801223344       Will Chatham          LC0000000010000003
622267084131123              000000182801223344       Lou Polle             LC0000000010000004
622267084131123              000000425901223344       Lou Polle             LC0000000010000005
627267084131123              000000353601223344       Will Chatham          LC0000000010000006
627267084131123              000000142401223344       Cash Steelor          LC0000000010000007
622267084131123              000000072701223344       Will Cheatam          LC0000000010000008
622267084131123              000000065901223344       Will Cheatam          LC0000000010000009
622267084131123              000000476101223344       Lou Pol               LC0000000010000010
82000000100033003300000000011450000000016642459876543                          061000010000001
9000001000010000000100267084130000000011450000000016642                                       