101 990000013 9876543212406180645A094101DEST NAME              ORIGIN NAME            XXXXXXXX
5200My Company      DiscretionaryData   1234567890PPDComp desc 2406182406181701061000010000001
622267084131123              000007871701223344       Holly Wood            LC0000000100000001
627267084131123              000009105801223344       Terry Aki             LC0000000100000002
627267084131123              000005189801223344       Paige Turner          LC0000000100000003
627267084131123              000006928001223344       Terry Aki             LC0000000100000004
627267084131123              000005244801223344       Will Power            LC0000000100000005
627267084131123              000006292301223344       Al Beback             LC0000000100000006
622267084131123              000008259701223344       Paige Turner          LC0000000100000007
627267084131123              000008585401223344       Holly Wood            LC0000000100000008
622267084131123              000009796101223344       Sandy Beaches         LC0000000100000009
622267084131123              000000048801223344       Ella Vator            LC0000000100000010
820000001000330033000000004134610000002597631234567890                         061000010000001
9000001000010000000100267084130123456789012987654321098                                       