101 990000013 9876543212406020646A094101DEST NAME              ORIGIN NAME            XXXXXXXX
5200My Company      DiscretionaryData   1234567890PPDComp desc 2406022406021541061000010000001
627267084131123              000002189201223344       Sue FlLC0000000100000001
622267084131123              000001149301223344       Holly Wood         LC0000000100000002
627267084131123              000006278401223344       Al Beback        LC0000000100000003
627267084131123              000000987801223344       Paige TuLC0000000100000004
627267084131123              000004711501223344       Terry Aki    LC0000000100000005
622267084131123              000005336601223344       BarryLC0000000100000006
627267084131123              000000945901223344       Holly Wood         LC0000000100000007
627267084131123              000009231001223344       Ella LC0000000100000008
622267084131123              000001740201223344       BarryLC0000000100000009
622267084131123              000005814501223344       Sue FlLC0000000100000010
820000001000330033000000002434380000001404061234567890                         061000010000001
9000001000010000000100267084130000000243438000000140406                                       