101 990000013 9876543212406180645A094101DEST NAME              ORIGIN NAME            XXXXXXXX
5200My Company      DiscretionaryData   1234567890PPDComp desc 2406182406181701061000010000001
622267084131123              000002597001223344       JLC0000000100000001
627267084131123              000009865301223344       Ella VLC0000000100000002
622267084131123              000000259001223344       Al Beback     LC0000000100000003
622267084131123              000009834501223344       Barry CuLC0000000100000004
627267084131123              000002101501223344       HollLC0000000100000005
622267084131123              000000995301223344       JLC0000000100000006
627267084131123              000003172301223344       HollLC0000000100000007
627267084131123              000005367401223344       JLC0000000100000008
622267084131123              000009816501223344       Barry CuLC0000000100000009
622267084131123              000000477401223344       Ella VLC0000000100000010
820000001000330033000000002050650000002397971234567890                         061000010000001
9000001000010000000100267084130000000205065000000239797                                       