101 990000013 9876543212406180645A094101DEST NAME              ORIGIN NAME            XXXXXXXX
5220My Company      DiscretionaryData   1234567890PPDComp desc 2406182406181701061000010000001
622267084131123              000000085501223344       John Doe              LC0000000100000001
622267084131123              000000005201223344       Jane Doe              LC0000000100000002
622267084131123              000000004801223344       Jane Doe              LC0000000100000003
622267084131123              000000097201223344       John Doe              LC0000000100000004
622267084131123              000000067501223344       John Doe              LC0000000100000005
622267084131123              000000058901223344       John Doe              LC0000000100000006
622267084131123              000000025101223344       Jane Doe              LC0000000100000007
622267084131123              000000010301223344       John Doe              LC0000000100000008
622267084131123              000000094001223344       Jane Doe              LC0000000100000009
622267084131123              000000025101223344       John Doe              LC0000000100000010
822000001000330033000000000000000000000047361234567890                         061000010000001
9000001000010000000100267084130000000000000000000004736                                       