101 990000013 9876543212406180645A094101DEST NAME              ORIGIN NAME            XXXXXXXX
5225My Company      DiscretionaryData   1234567890PPDComp desc 2406182406181701061000010000001
627267084131123              000003668401223344       Jane Doe              LC0000000100000001
627267084131123              000001515801223344       John Doe              LC0000000100000002
627267084131123              000009334501223344       Jane Doe              LC0000000100000003
627267084131123              000004759601223344       John Doe              LC0000000100000004
627267084131123              000001136201223344       John Doe              LC0000000100000005
822500000500330033000000002041450000000000001234567890                         061000010000001
9000001000010000000050133542065000000204145000000000000                                       