101 990000013 9876543212406020646A094101DEST NAME              ORIGIN NAME            XXXXXXXX
5200My Company      DiscretionaryData   1234567890PPDComp desc 2406022406021541061000010000001
622267084131123              000003639001223344       Jane Doe              LC0000000100000001
622267084131123              000004116901223344       Jane Doe              LC0000000100000002
627267084131123              000006574701223344       Jane Doe              LC0000000100000003
627267084131123              000006519201223344       Jane Doe              LC0000000100000004
622267084131123              000006509401223344       John Doe              LC0000000100000005
622267084131123              000003810801223344       John Doe              LC0000000100000006
627267084131123              000005257901223344       John Doe              LC0000000100000007
627267084131123              000002817001223344       John Doe              LC0000000100000008
627267084131123              000005787701223344       Jane Doe              LC0000000100000009
627267084131123              000004708001223344       Jane Doe              LC0000000100000010
820000001000330033000000003166450000001807611234567890                         061000010000001
9000001000010000000100267084130000000316645000000180761                                       