101 990000013 9876543212406020646A094101DEST NAME              ORIGIN NAME            XXXXXXXX
5225My Company      DiscretionaryData   1234567890PPDComp desc 2406022406021541061000010000001
627267084131123              000007929201223344       John Doe              LC0000000100000001
627267084131123              000002393201223344       Jane Doe              LC0000000100000002
627267084131123              000003459901223344       John Doe              LC0000000100000003
627267084131123              000007165401223344       John Doe              LC0000000100000004
627267084131123              000000160301223344       John Doe              LC0000000100000005
822500000500330033000000002110800000000000001234567890                         061000010000001
9000001000010000000050133542065000000211080000000000000                                       