101 990000013 9876543212406180645A094101DEST NAME              ORIGIN NAME            XXXXXXXX
5200My Company      DiscretionaryData   1234567890PPDComp desc 2406182406181701061000010000001
627267084131123              000005764001223344       Jane Doe              LC0000000100000001
627267084131123              000005899501223344       Jane Doe              LC0000000100000002
627267084131123              000000433601223344       John Doe              LC0000000100000003
622267084131123              000007741801223344       John Doe              LC0000000100000004
622267084131123              000008853401223344       John Doe              LC0000000100000005
622267084131123              000003642101223344       John Doe              LC0000000100000006
627267084131123              000005899701223344       John Doe              LC0000000100000007
627267084131123              000003248901223344       John Doe              LC0000000100000008
622267084131123              000009873501223344       Jane Doe              LC0000000100000009
622267084131123              000005447301223344       John Doe              LC0000000100000010
820000001000330033000000002124570000003555811234567890                         061000010000001
9000001000010000000100267084130000000212457000000355581                                       