101 990000013 9876543212406180645A094101DEST NAME              ORIGIN NAME            XXXXXXXX
5220My Company      DiscretionaryData   1234567890PPDComp desc 2406182406181701061000010000001
622267084131123              000006931701223344       Jane Doe              LC0000000100000001
622267084131123              000009548801223344       Jane Doe              LC0000000100000002
622267084131123              000009916001223344       John Doe              LC0000000100000003
622267084131123              000006258401223344       John Doe              LC0000000100000004
622267084131123              000002994401223344       Jane Doe              LC0000000100000005
622267084131123              000009513201223344       Jane Doe              LC0000000100000006
622267084131123              000004079701223344       John Doe              LC0000000100000007
622267084131123              000009762201223344       John Doe              LC0000000100000008
622267084131123              000002696501223344       Jane Doe              LC0000000100000009
622267084131123              000009860801223344       Jane Doe              LC0000000100000010
622267084131123              000004872701223344       John Doe              LC0000000100000011
622267084131123              000000832901223344       Jane Doe              LC0000000100000012
622267084131123              000009201601223344       Jane Doe              LC0000000100000013
622267084131123              000007783901223344       John Doe              LC0000000100000014
622267084131123              000006169701223344       Jane Doe              LC0000000100000015
622267084131123              000005329001223344       John Doe              LC0000000100000016
622267084131123              000007842401223344       John Doe              LC0000000100000017
622267084131123              000003207401223344       Jane Doe              LC0000000100000018
622267084131123              000006767001223344       John Doe              LC0000000100000019
622267084131123              000000761701223344       Jane Doe              LC0000000100000020
822000002000330033000000000000000000012433001234567890                         061000010000001
5220My Company      DiscretionaryData   1234567890PPDComp desc 2406182406181701061000010000002
622267084131123              000002924201223344       John Doe              LC0000000200000001
622267084131123              000007616101223344       John Doe              LC0000000200000002
622267084131123              000003026101223344       Jane Doe              LC0000000200000003
622267084131123              000009009201223344       Jane Doe              LC0000000200000004
622267084131123              000001815401223344       John Doe              LC0000000200000005
622267084131123              000004861501223344       Jane Doe              LC0000000200000006
622267084131123              000006261901223344       John Doe              LC0000000200000007
622267084131123              000008137201223344       John Doe              LC0000000200000008
622267084131123              000001484401223344       Jane Doe              LC0000000200000009
622267084131123              000007677401223344       Jane Doe              LC0000000200000010
622267084131123              000007337001223344       Jane Doe              LC0000000200000011
622267084131123              000006670801223344       Jane Doe              LC0000000200000012
622267084131123              000004991001223344       Jane Doe              LC0000000200000013
622267084131123              000001960901223344       John Doe              LC0000000200000014
622267084131123              000008104101223344       Jane Doe              LC0000000200000015
622267084131123              000006196301223344       John Doe              LC0000000200000016
622267084131123              000004666401223344       John Doe              LC0000000200000017
622267084131123              000005472501223344       John Doe              LC0000000200000018
622267084131123              000004756601223344       Jane Doe              LC0000000200000019
622267084131123              000006852001223344       John Doe              LC0000000200000020
822000002000330033000000000000000000010982101234567890                         061000010000002
5220My Company      DiscretionaryData   1234567890PPDComp desc 2406182406181701061000010000003
622267084131123              000000235701223344       John Doe              LC0000000300000001
622267084131123              000005817401223344       Jane Doe              LC0000000300000002
622267084131123              000006077201223344       John Doe              LC0000000300000003
622267084131123              000008113701223344       John Doe              LC0000000300000004
622267084131123              000008078201223344       John Doe              LC0000000300000005
622267084131123              000000616301223344       Jane Doe              LC0000000300000006
622267084131123              000008459101223344       Jane Doe              LC0000000300000007
622267084131123              000004550301223344       Jane Doe              LC0000000300000008
622267084131123              000009266301223344       Jane Doe              LC0000000300000009
622267084131123              000006997101223344       John Doe              LC0000000300000010
622267084131123              000004332901223344       John Doe              LC0000000300000011
622267084131123              000001087801223344       Jane Doe              LC0000000300000012
622267084131123              000001588901223344       John Doe              LC0000000300000013
622267084131123              000004315101223344       John Doe              LC0000000300000014
622267084131123              000001730601223344       John Doe              LC0000000300000015
622267084131123              000008087401223344       John Doe              LC0000000300000016
622267084131123              000003428401223344       Jane Doe              LC0000000300000017
622267084131123              000006970601223344       John Doe              LC0000000300000018
622267084131123              000008599101223344       Jane Doe              LC0000000300000019
622267084131123              000000008301223344       John Doe              LC0000000300000020
822000002000330033000000000000000000009836041234567890                         061000010000003
5220My Company      DiscretionaryData   1234567890PPDComp desc 2406182406181701061000010000004
622267084131123              000007955901223344       John Doe              LC0000000400000001
622267084131123              000004212801223344       Jane Doe              LC0000000400000002
622267084131123              000008050401223344       Jane Doe              LC0000000400000003
622267084131123              000008213001223344       John Doe              LC0000000400000004
622267084131123              000004419801223344       John Doe              LC0000000400000005
622267084131123              000009835601223344       John Doe              LC0000000400000006
622267084131123              000005784401223344       John Doe              LC0000000400000007
622267084131123              000000936001223344       John Doe              LC0000000400000008
622267084131123              000002071101223344       John Doe              LC0000000400000009
622267084131123              000009759701223344       John Doe              LC0000000400000010
622267084131123              000002372801223344       John Doe              LC0000000400000011
622267084131123              000005071801223344       John Doe              LC0000000400000012
622267084131123              000009000601223344       John Doe              LC0000000400000013
622267084131123              000009223501223344       John Doe              LC0000000400000014
622267084131123              000001814101223344       Jane Doe              LC0000000400000015
622267084131123              000007098201223344       John Doe              LC0000000400000016
622267084131123              000004549301223344       John Doe              LC0000000400000017
622267084131123              000006726001223344       Jane Doe              LC0000000400000018
622267084131123              000000534501223344       John Doe              LC0000000400000019
622267084131123              000009734401223344       Jane Doe              LC0000000400000020
822000002000330033000000000000000000011736391234567890                         061000010000004
5220My Company      DiscretionaryData   1234567890PPDComp desc 2406182406181701061000010000005
622267084131123              000007637301223344       John Doe              LC0000000500000001
622267084131123              000005772401223344       Jane Doe              LC0000000500000002
622267084131123              000009790601223344       John Doe              LC0000000500000003
622267084131123              000007262901223344       John Doe              LC0000000500000004
622267084131123              000006207001223344       Jane Doe              LC0000000500000005
622267084131123              000001805701223344       Jane Doe              LC0000000500000006
622267084131123              000007319101223344       Jane Doe              LC0000000500000007
622267084131123              000006117801223344       Jane Doe              LC0000000500000008
622267084131123              000003153101223344       John Doe              LC0000000500000009
622267084131123              000008267401223344       Jane Doe              LC0000000500000010
622267084131123              000000267901223344       John Doe              LC0000000500000011
622267084131123              000007721601223344       John Doe              LC0000000500000012
622267084131123              000007343601223344       John Doe              LC0000000500000013
622267084131123              000000470601223344       John Doe              LC0000000500000014
622267084131123              000005644801223344       John Doe              LC0000000500000015
622267084131123              000005822701223344       John Doe              LC0000000500000016
622267084131123              000002914001223344       John Doe              LC0000000500000017
622267084131123              000004835701223344       Jane Doe              LC0000000500000018
622267084131123              000001948701223344       John Doe              LC0000000500000019
622267084131123              000000613301223344       John Doe              LC0000000500000020
822000002000330033000000000000000000010091621234567890                         061000010000005
9000005000010000001002670841300000000000000000005507915                                       