101 990000013 9876543212406020646C094101DEST NAME              ORIGIN NAME            XXXXXXXX
5200My Company      DiscretionaryData   1234567890PPDComp desc 2406022406021541061000010000001
622267084131123              000006171901223344       Barry Cuda            LC0000000100000001
622267084131123              000002694901223344       Barry Cuda            LC0000000100000002
627267084131123              000003880001223344       Sue Flay              LC0000000100000003
622267084131123              000003825401223344       Sandy Beaches         LC0000000100000004
622267084131123              000003577901223344       Ella Vator            LC0000000100000005
627267084131123              000004360201223344       Terry Aki             LC0000000100000006
622267084131123              000008561201223344       Sandy Beaches         LC0000000100000007
622267084131123              000009984901223344       Sue Flay              LC0000000100000008
627267084131123              000000297901223344       Ella Vator            LC0000000100000009
627267084131123              000006010401223344       Holly Wood            LC0000000100000010
820000001000330033000000001454850000003481621234567890                         061000010000001
9000001000010000000100267084130000000145485000000348162                                       