101 990000013 9876543212406180645C094101DEST NAME              ORIGIN NAME            XXXXXXXX
5200My Company      DiscretionaryData   1234567890PPDComp desc 2406182406181701061000010000001
622267084131123              000001281901223344       Al Beback             LC0000000100000001
627267084131123              000005737501223344       Sue Flay              LC0000000100000002
627267084131123              000006247501223344       Ella Vator            LC0000000100000003
627267084131123              000005931901223344       Terry Aki             LC0000000100000004
622267084131123              000007917601223344       Barry Cuda            LC0000000100000005
622267084131123              000006947801223344       Sandy Beaches         LC0000000100000006
622267084131123              000002325101223344       Holly Wood            LC0000000100000007
627267084131123              000002943401223344       Ella Vator            LC0000000100000008
627267084131123              000007501501223344       Sandy Beaches         LC0000000100000009
622267084131123              000008224801223344       Justin Time           LC0000000100000010
820000001000330033000000002836180000002669721234567890                         061000010000001
9000001000010000000100267084130000000283618000000266972                                       