101 123456789 9876543212403050601A094101DEST NAME              ORIGIN NAME            XXXXXXXX
5200My Company      DiscretionaryData   1234567890PPDComp desc 0216232302160471061000010000001
622267084131123              000006512201223344       John Doe              LC0000000100000001
622267084131123              000005317701223344       Jane Doe              LC0000000100000002
622267084131123              000006937501223344       John Doe              LC0000000100000003
627267084131123              000006009401223344       Jane Doe              LC0000000100000004
622267084131123              000007051201223344       Jane Doe              LC0000000100000005
627267084131123              000002964501223344       John Doe              LC0000000100000006
622267084131123              000002820501223344       Jane Doe              LC0000000100000007
627267084131123              000001982801223344       John Doe              LC0000000100000008
622267084131123              000000469601223344       John Doe              LC0000000100000009
622267084131123              000008654701223344       John Doe              LC0000000100000010
820000001000330033000000001095670000003776341234567890                         061000010000001
9000001000010000000100198019800000000109567000000377634                                       