101 123456789 9876543212403050601A094101DEST NAME              ORIGIN NAME            XXXXXXXX
5220My Company      DiscretionaryData   1234567890PPDComp desc 0216232302160471061000010000001
622267084131123              000002388001223344       Jane Doe              LC0000000100000001
622267084131123              000007458801223344       Jane Doe              LC0000000100000002
622267084131123              000007870701223344       Jane Doe              LC0000000100000003
622267084131123              000000555601223344       Jane Doe              LC0000000100000004
622267084131123              000005623701223344       John Doe              LC0000000100000005
622267084131123              000006127501223344       John Doe              LC0000000100000006
622267084131123              000007427601223344       Jane Doe              LC0000000100000007
622267084131123              000006570801223344       John Doe              LC0000000100000008
622267084131123              000000339601223344       John Doe              LC0000000100000009
622267084131123              000003468601223344       John Doe              LC0000000100000010
622267084131123              000007201901223344       John Doe              LC0000000100000011
622267084131123              000001424401223344       John Doe              LC0000000100000012
622267084131123              000007836301223344       John Doe              LC0000000100000013
622267084131123              000002583601223344       Jane Doe              LC0000000100000014
622267084131123              000003074101223344       Jane Doe              LC0000000100000015
622267084131123              000004049601223344       Jane Doe              LC0000000100000016
622267084131123              000002878501223344       John Doe              LC0000000100000017
622267084131123              000003825601223344       John Doe              LC0000000100000018
622267084131123              000004397101223344       John Doe              LC0000000100000019
622267084131123              000009545101223344       Jane Doe              LC0000000100000020
822000002000330033000000000000000000009464711234567890                         061000010000001
5220My Company      DiscretionaryData   1234567890PPDComp desc 0216232302160471061000010000002
622267084131123              000007181601223344       Jane Doe              LC0000000200000001
622267084131123              000005680601223344       Jane Doe              LC0000000200000002
622267084131123              000000429801223344       Jane Doe              LC0000000200000003
622267084131123              000007597401223344       Jane Doe              LC0000000200000004
622267084131123              000005572201223344       Jane Doe              LC0000000200000005
622267084131123              000008956101223344       John Doe              LC0000000200000006
622267084131123              000003199601223344       John Doe              LC0000000200000007
622267084131123              000000176401223344       Jane Doe              LC0000000200000008
622267084131123              000002710501223344       John Doe              LC0000000200000009
622267084131123              000006446201223344       John Doe              LC0000000200000010
622267084131123              000008086301223344       John Doe              LC0000000200000011
622267084131123              000001285201223344       John Doe              LC0000000200000012
622267084131123              000004646101223344       Jane Doe              LC0000000200000013
622267084131123              000001322801223344       John Doe              LC0000000200000014
622267084131123              000003259601223344       John Doe              LC0000000200000015
622267084131123              000007908801223344       John Doe              LC0000000200000016
622267084131123              000007731701223344       John Doe              LC0000000200000017
622267084131123              000003969401223344       John Doe              LC0000000200000018
622267084131123              000006104901223344       John Doe              LC0000000200000019
622267084131123              000001951701223344       John Doe              LC0000000200000020
822000002000330033000000000000000000009421691234567890                         061000010000002
5220My Company      DiscretionaryData   1234567890PPDComp desc 0216232302160471061000010000003
622267084131123              000007374401223344       Jane Doe              LC0000000300000001
622267084131123              000002454801223344       Jane Doe              LC0000000300000002
622267084131123              000000447401223344       John Doe              LC0000000300000003
622267084131123              000000915901223344       John Doe              LC0000000300000004
622267084131123              000004462001223344       Jane Doe              LC0000000300000005
622267084131123              000001382701223344       John Doe              LC0000000300000006
622267084131123              000008120301223344       Jane Doe              LC0000000300000007
622267084131123              000006387201223344       John Doe              LC0000000300000008
622267084131123              000007089701223344       John Doe              LC0000000300000009
622267084131123              000004060201223344       Jane Doe              LC0000000300000010
622267084131123              000001757701223344       Jane Doe              LC0000000300000011
622267084131123              000007571401223344       Jane Doe              LC0000000300000012
622267084131123              000004342301223344       Jane Doe              LC0000000300000013
622267084131123              000003588901223344       John Doe              LC0000000300000014
622267084131123              000009351201223344       Jane Doe              LC0000000300000015
622267084131123              000007699501223344       John Doe              LC0000000300000016
622267084131123              000001314801223344       John Doe              LC0000000300000017
622267084131123              000009219301223344       John Doe              LC0000000300000018
622267084131123              000003648601223344       Jane Doe              LC0000000300000019
622267084131123              000006782201223344       John Doe              LC0000000300000020
822000002000330033000000000000000000009797051234567890                         061000010000003
5220My Company      DiscretionaryData   1234567890PPDComp desc 0216232302160471061000010000004
622267084131123              000009038701223344       John Doe              LC0000000400000001
622267084131123              000001262701223344       Jane Doe              LC0000000400000002
622267084131123              000005556401223344       Jane Doe              LC0000000400000003
622267084131123              000003744601223344       Jane Doe              LC0000000400000004
622267084131123              000003987301223344       John Doe              LC0000000400000005
622267084131123              000004393801223344       Jane Doe              LC0000000400000006
622267084131123              000001896001223344       Jane Doe              LC0000000400000007
622267084131123              000009027201223344       Jane Doe              LC0000000400000008
622267084131123              000009962801223344       Jane Doe              LC0000000400000009
622267084131123              000009565501223344       Jane Doe              LC0000000400000010
622267084131123              000009154801223344       John Doe              LC0000000400000011
622267084131123              000007635001223344       Jane Doe              LC0000000400000012
622267084131123              000001145001223344       John Doe              LC0000000400000013
622267084131123              000004002201223344       John Doe              LC0000000400000014
622267084131123              000003843401223344       John Doe              LC0000000400000015
622267084131123              000005645001223344       John Doe              LC0000000400000016
622267084131123              000008993401223344       Jane Doe              LC0000000400000017
622267084131123              000007122701223344       John Doe              LC0000000400000018
622267084131123              000006232801223344       John Doe              LC0000000400000019
622267084131123              000009365301223344       John Doe              LC0000000400000020
822000002000330033000000000000000000012157461234567890                         061000010000004
5220My Company      DiscretionaryData   1234567890PPDComp desc 0216232302160471061000010000005
622267084131123              000004795201223344       John Doe              LC0000000500000001
622267084131123              000007601401223344       Jane Doe              LC0000000500000002
622267084131123              000008011901223344       Jane Doe              LC0000000500000003
622267084131123              000000949301223344       John Doe              LC0000000500000004
622267084131123              000004221901223344       Jane Doe              LC0000000500000005
622267084131123              000009627101223344       Jane Doe              LC0000000500000006
622267084131123              000007849601223344       Jane Doe              LC0000000500000007
622267084131123              000002276701223344       John Doe              LC0000000500000008
622267084131123              000003180001223344       Jane Doe              LC0000000500000009
622267084131123              000003450201223344       John Doe              LC0000000500000010
622267084131123              000006441101223344       Jane Doe              LC0000000500000011
622267084131123              000003984701223344       John Doe              LC0000000500000012
622267084131123              000005981701223344       John Doe              LC0000000500000013
622267084131123              000004143101223344       John Doe              LC0000000500000014
622267084131123              000003537301223344       Jane Doe              LC0000000500000015
622267084131123              000005144801223344       Jane Doe              LC0000000500000016
622267084131123              000009158901223344       Jane Doe              LC0000000500000017
622267084131123              000001730501223344       Jane Doe              LC0000000500000018
622267084131123              000004795901223344       Jane Doe              LC0000000500000019
622267084131123              000001807001223344       Jane Doe              LC0000000500000020
822000002000330033000000000000000000009868831234567890                         061000010000005
9000005000010000001000198019800000000000000000005070974                                       