101 123456789 9876543212403050601A094101DEST NAME              ORIGIN NAME            XXXXXXXX
5225My Company      DiscretionaryData   1234567890PPDComp desc 0216232302160471061000010000001
627267084131123              000001666901223344       Jane Doe              LC0000000100000001
627267084131123              000004269201223344       John Doe              LC0000000100000002
627267084131123              000001074101223344       John Doe              LC0000000100000003
627267084131123              000006368601223344       Jane Doe              LC0000000100000004
627267084131123              000008870301223344       Jane Doe              LC0000000100000005
822500000500330033000000002224910000000000001234567890                         061000010000001
9000001000010000000050198019800000000222491000000000000                                       