101 990000013 9876543212403291625A094201DEST NAME              ORIGIN NAME            XXXXXXXX
5200My Company      DiscretionaryData   1234567890PPDComp desc 2403292403290891061000010000001
627267084131123              000007113201223344       Al Beback             LC0000000100000001
622267084131123              000004433701223344       Holly Wood            LC0000000100000002
622267084131123              000009074301223344       Paige Turner          LC0000000100000003
622267084131123              000007953501223344       Barry Cuda            LC0000000100000004
627267084131123              000004019501223344       Terry Aki             LC0000000100000005
622267084131123              000007998801223344       Al Beback             LC0000000100000006
622267084131123              000008678501223344       Will Power            LC0000000100000007
627267084131123              000003048501223344       Justin Time           LC0000000100000008
622267084131123              000008221101223344       Ella Vator            LC0000000100000009
622267084131123              000009622101223344       Paige Turner          LC0000000100000010
820000001000330033000000001418120000005598201234567890                         061000010000001
9000001000010000000100267084130000000141812000000559820                                       