101 990000013 9876543212403291625C094101DEST NAME              ORIGIN NAME            XXXXXXXX
5200My Company      DiscretionaryData   1234567890PPDComp desc 2403292403290891061000010000001
622267084131123              000007668701223344       Paige Turner          LC0000000100000001
627267084131123              000002820301223344       Paige Turner          LC0000000100000002
622267084131123              000008792701223344       Sue Flay              LC0000000100000003
627267084131123              000007507001223344       Sandy Beaches         LC0000000100000004
622267084131123              000003852701223344       Al Beback             LC0000000100000005
627267084131123              000006903801223344       Justin Time           LC0000000100000006
622267084131123              000001558901223344       Al Beback             LC0000000100000007
627267084131123              000003621301223344       Terry Aki             LC0000000100000008
622267084131123              000009689701223344       Barry Cuda            LC0000000100000009
622267084131123              000002582701223344       Will Power            LC0000000100000010
820000001000330033000000002085240000003414541234567890                         061000010000001
9000001000010000000100267084130000000208524000000341454                                       