101 990000013 9876543212405250631A094201DEST NAME              ORIGIN NAME            XXXXXXXX
5200My Company      DiscretionaryData   1234567890PPDComp desc 2405252405251461061000010000001
627267084131123              000002317801223344       Sue Flay              LC0000000100000001
627267084131123              000003436601223344       Justin Time           LC0000000100000002
622267084131123              000005870801223344       Will Power            LC0000000100000003
622267084131123              000003017301223344       Justin Time           LC0000000100000004
627267084131123              000006797601223344       Barry Cuda            LC0000000100000005
622267084131123              000001906701223344       Will Power            LC0000000100000006
627267084131123              000007513701223344       Al Beback             LC0000000100000007
627267084131123              000006861601223344       Barry Cuda            LC0000000100000008
627267084131123              000002396901223344       Sue Flay              LC0000000100000009
627267084131123              000007012601223344       Ella Vator            LC0000000100000010
820000001000330033000000003633680000001079481234567890                         061000010000001
9000001000010000000100267084130000000363368000000107948                                       