101 990000013 9876543212405250631A094101DEST NAME              ORIGIN NAME            XXXXXXXX
5200My Company      DiscretionaryData   1234567890PPDComp desc 2405252405251461061000010000001
622267084131123              000004622201223344       Terry Aki             LC0000000100000001
622267084131123              000007767401223344       Terry Aki             LC0000000100000002
627267084131123              000002762201223344       Terry Aki             LC0000000100000003
622267084131123              000009440401223344       Sandy Beaches         LC0000000100000004
622267084131123              000000562901223344       Sue Flay              LC0000000100000005
627267084131123              000009129201223344       Holly Wood            LC0000000100000006
622267084131123              000005591301223344       Sue Flay              LC0000000100000007
627267084131123              000006286301223344       Barry Cuda            LC0000000100000008
622267084131123              000008342001223344       Justin Time           LC0000000100000009
622267084131123              000006678801223344       Paige Turner          LC0000000100000010
820000001000330033000000001817770000004300501234567890                         061000010000001
9000001000010000000100267084130123456789012987654321098                                       