101 990000013 9876543212405250631A094101DEST NAME              ORIGIN NAME            XXXXXXXX
5220My Company      DiscretionaryData   1234567890PPDComp desc 2405252405251461061000010000001
622267084131123              000000079001223344       John Doe              LC0000000100000001
622267084131123              000000001601223344       John Doe              LC0000000100000002
622267084131123              000000016201223344       Jane Doe              LC0000000100000003
622267084131123              000000099201223344       Jane Doe              LC0000000100000004
622267084131123              000000070501223344       John Doe              LC0000000100000005
622267084131123              000000080701223344       Jane Doe              LC0000000100000006
622267084131123              000000046101223344       Jane Doe              LC0000000100000007
622267084131123              000000073901223344       John Doe              LC0000000100000008
622267084131123              000000098801223344       John Doe              LC0000000100000009
622267084131123              000000006301223344       John Doe              LC0000000100000010
822000001000330033000000000000000000000057231234567890                         061000010000001
9000001000010000000100267084130000000000000000000005723                                       