101 990000013 9876543212405250631A094101DEST NAME              ORIGIN NAME            XXXXXXXX
5225My Company      DiscretionaryData   1234567890PPDComp desc 2405252405251461061000010000001
627267084131123              000001548601223344       John Doe              LC0000000100000001
627267084131123              000002477601223344       John Doe              LC0000000100000002
627267084131123              000001160501223344       Jane Doe              LC0000000100000003
627267084131123              000008590501223344       John Doe              LC0000000100000004
627267084131123              000000874201223344       Jane Doe              LC0000000100000005
822500000500330033000000001465140000000000001234567890                         061000010000001
9000001000010000000050133542065000000146514000000000000                                       