101 990000013 9876543212405250631A094101DEST NAME              ORIGIN NAME            XXXXXXXX
5200My Company      DiscretionaryData   1234567890PPDComp desc 2405252405251461061000010000001
622267084131123              000007532701223344       Justin Time     LC0000000100000001
627267084131123              000006255501223344       Sandy Beaches    LC0000000100000002
627267084131123              000001536801223344       Al BebLC0000000100000003
622267084131123              000003501701223344       Sandy Beaches    LC0000000100000004
627267084131123              000008925001223344       Ella Vator           LC0000000100000005
627267084131123              000006400001223344       Justin Time     LC0000000100000006
627267084131123              000004807101223344       Ella Vator           LC0000000100000007
622267084131123              000005789501223344       Barry Cuda LC0000000100000008
627267084131123              000004999301223344       PaLC0000000100000009
627267084131123              000002578601223344       Justin Time     LC0000000100000010
820000001000330033000000003550230000001682391234567890                         061000010000001
9000001000010000000100267084130000000355023000000168239                                       