101 990000013 9876543212405250631A094101DEST NAME              ORIGIN NAME            XXXXXXXX
5220My Company      DiscretionaryData   1234567890PPDComp desc 2405252405251461061000010000001
622267084131123              000001928501223344       John Doe              LC0000000100000001
622267084131123              000008853701223344       Jane Doe              LC0000000100000002
622267084131123              000005716801223344       Jane Doe              LC0000000100000003
622267084131123              000008896801223344       Jane Doe              LC0000000100000004
622267084131123              000005484001223344       Jane Doe              LC0000000100000005
622267084131123              000007243301223344       Jane Doe              LC0000000100000006
622267084131123              000006079401223344       John Doe              LC0000000100000007
622267084131123              000006845101223344       John Doe              LC0000000100000008
622267084131123              000008110001223344       Jane Doe              LC0000000100000009
622267084131123              000009789701223344       John Doe              LC0000000100000010
622267084131123              000003890901223344       Jane Doe              LC0000000100000011
622267084131123              000000541301223344       Jane Doe              LC0000000100000012
622267084131123              000007591901223344       Jane Doe              LC0000000100000013
622267084131123              000009758701223344       John Doe              LC0000000100000014
622267084131123              000006091601223344       Jane Doe              LC0000000100000015
622267084131123              000003467801223344       Jane Doe              LC0000000100000016
622267084131123              000008399501223344       Jane Doe              LC0000000100000017
622267084131123              000007522901223344       John Doe              LC0000000100000018
622267084131123              000007200401223344       John Doe              LC0000000100000019
622267084131123              000007375501223344       John Doe              LC0000000100000020
822000002000330033000000000000000000013078781234567890                         061000010000001
5220My Company      DiscretionaryData   1234567890PPDComp desc 2405252405251461061000010000002
622267084131123              000004042401223344       John Doe              LC0000000200000001
622267084131123              000001107901223344       Jane Doe              LC0000000200000002
622267084131123              000009818101223344       John Doe              LC0000000200000003
622267084131123              000006063401223344       Jane Doe              LC0000000200000004
622267084131123              000004634501223344       Jane Doe              LC0000000200000005
622267084131123              000003736301223344       Jane Doe              LC0000000200000006
622267084131123              000001771401223344       John Doe              LC0000000200000007
622267084131123              000007204101223344       Jane Doe              LC0000000200000008
622267084131123              000007450701223344       John Doe              LC0000000200000009
622267084131123              000006018701223344       Jane Doe              LC0000000200000010
622267084131123              000004723201223344       John Doe              LC0000000200000011
622267084131123              000000434901223344       Jane Doe              LC0000000200000012
622267084131123              000006119401223344       John Doe              LC0000000200000013
622267084131123              000009883501223344       John Doe              LC0000000200000014
622267084131123              000006564201223344       John Doe              LC0000000200000015
622267084131123              000005312101223344       Jane Doe              LC0000000200000016
622267084131123              000003084801223344       Jane Doe              LC0000000200000017
622267084131123              000001569601223344       Jane Doe              LC0000000200000018
622267084131123              000002312901223344       Jane Doe              LC0000000200000019
622267084131123              000002498401223344       Jane Doe              LC0000000200000020
822000002000330033000000000000000000009435051234567890                         061000010000002
5220My Company      DiscretionaryData   1234567890PPDComp desc 2405252405251461061000010000003
622267084131123              000008889801223344       John Doe              LC0000000300000001
622267084131123              000002719901223344       John Doe              LC0000000300000002
622267084131123              000002006901223344       Jane Doe              LC0000000300000003
622267084131123              000007960301223344       Jane Doe              LC0000000300000004
622267084131123              000004866401223344       John Doe              LC0000000300000005
622267084131123              000006973801223344       Jane Doe              LC0000000300000006
622267084131123              000001861901223344       Jane Doe              LC0000000300000007
622267084131123              000005983601223344       John Doe              LC0000000300000008
622267084131123              000008119301223344       Jane Doe              LC0000000300000009
622267084131123              000004266201223344       John Doe              LC0000000300000010
622267084131123              000000874401223344       John Doe              LC0000000300000011
622267084131123              000004645501223344       Jane Doe              LC0000000300000012
622267084131123              000000033201223344       John Doe              LC0000000300000013
622267084131123              000000448701223344       John Doe              LC0000000300000014
622267084131123              000001355601223344       Jane Doe              LC0000000300000015
622267084131123              000009015601223344       John Doe              LC0000000300000016
622267084131123              000006834301223344       John Doe              LC0000000300000017
622267084131123              000000508901223344       Jane Doe              LC0000000300000018
622267084131123              000007020301223344       Jane Doe              LC0000000300000019
622267084131123              000005400601223344       Jane Doe              LC0000000300000020
822000002000330033000000000000000000008978521234567890                         061000010000003
5220My Company      DiscretionaryData   1234567890PPDComp desc 2405252405251461061000010000004
622267084131123              000002877101223344       John Doe              LC0000000400000001
622267084131123              000007557401223344       John Doe              LC0000000400000002
622267084131123              000008534801223344       John Doe              LC0000000400000003
622267084131123              000002267701223344       Jane Doe              LC0000000400000004
622267084131123              000007991301223344       John Doe              LC0000000400000005
622267084131123              000002309401223344       John Doe              LC0000000400000006
622267084131123              000007475401223344       John Doe              LC0000000400000007
622267084131123              000001756901223344       John Doe              LC0000000400000008
622267084131123              000006490801223344       John Doe              LC0000000400000009
622267084131123              000002355101223344       John Doe              LC0000000400000010
622267084131123              000001188601223344       John Doe              LC0000000400000011
622267084131123              000009387801223344       John Doe              LC0000000400000012
622267084131123              000007172201223344       Jane Doe              LC0000000400000013
622267084131123              000003870801223344       John Doe              LC0000000400000014
622267084131123              000003033901223344       John Doe              LC0000000400000015
622267084131123              000004009501223344       Jane Doe              LC0000000400000016
622267084131123              000001248001223344       John Doe              LC0000000400000017
622267084131123              000002461901223344       John Doe              LC0000000400000018
622267084131123              000002976601223344       Jane Doe              LC0000000400000019
622267084131123              000009574301223344       Jane Doe              LC0000000400000020
822000002000330033000000000000000000009453951234567890                         061000010000004
5220My Company      DiscretionaryData   1234567890PPDComp desc 2405252405251461061000010000005
622267084131123              000004825301223344       John Doe              LC0000000500000001
622267084131123              000006926001223344       John Doe              LC0000000500000002
622267084131123              000004709401223344       John Doe              LC0000000500000003
622267084131123              000002114101223344       John Doe              LC0000000500000004
622267084131123              000002600101223344       John Doe              LC0000000500000005
622267084131123              000005677101223344       John Doe              LC0000000500000006
622267084131123              000003393301223344       Jane Doe              LC0000000500000007
622267084131123              000003720601223344       John Doe              LC0000000500000008
622267084131123              000001568001223344       Jane Doe              LC0000000500000009
622267084131123              000000757901223344       Jane Doe              LC0000000500000010
622267084131123              000008018901223344       Jane Doe              LC0000000500000011
622267084131123              000005865601223344       John Doe              LC0000000500000012
622267084131123              000004450001223344       Jane Doe              LC0000000500000013
622267084131123              000005925601223344       John Doe              LC0000000500000014
622267084131123              000009748101223344       Jane Doe              LC0000000500000015
622267084131123              000003038701223344       Jane Doe              LC0000000500000016
622267084131123              000006148701223344       John Doe              LC0000000500000017
622267084131123              000009055701223344       Jane Doe              LC0000000500000018
622267084131123              000007518901223344       John Doe              LC0000000500000019
622267084131123              000006080401223344       John Doe              LC0000000500000020
822000002000330033000000000000000000010214241234567890                         061000010000005
9000005000010000001002670841300000000000000000005116054                                       