101 990000013 9876543212405250631A094101DEST NAME              ORIGIN NAME            XXXXXXXX
5200My Company      DiscretionaryData   1234567890PPDComp desc 2405252405251461061000010000001
622267084131123              000008449301223344       Jane Doe              LC0000000100000001
627267084131123              000004281501223344       Jane Doe              LC0000000100000002
622267084131123              000001251801223344       John Doe              LC0000000100000003
627267084131123              000001114501223344       John Doe              LC0000000100000004
627267084131123              000003103501223344       John Doe              LC0000000100000005
627267084131123              000007122001223344       Jane Doe              LC0000000100000006
622267084131123              000001294501223344       Jane Doe              LC0000000100000007
627267084131123              000008014001223344       John Doe              LC0000000100000008
622267084131123              000004240901223344       John Doe              LC0000000100000009
622267084131123              000002802901223344       Jane Doe              LC0000000100000010
820000001000330033000000002363550000001803941234567890                         061000010000001
9000001000010000000100267084130000000236355000000180394                                       