101 990000013 9876543212405250631C094101DEST NAME              ORIGIN NAME            XXXXXXXX
5200My Company      DiscretionaryData   1234567890PPDComp desc 2405252405251461061000010000001
627267084131123              000001263801223344       Will Power            LC0000000100000001
622267084131123              000009456301223344       Sue Flay              LC0000000100000002
627267084131123              000002003001223344       Paige Turner          LC0000000100000003
622267084131123              000006115201223344       Justin Time           LC0000000100000004
627267084131123              000008933201223344       Terry Aki             LC0000000100000005
627267084131123              000008204201223344       Al Beback             LC0000000100000006
622267084131123              000005386901223344       Paige Turner          LC0000000100000007
622267084131123              000002463701223344       Sue Flay              LC0000000100000008
627267084131123              000001823901223344       Justin Time           LC0000000100000009
627267084131123              000005995601223344       Terry Aki             LC0000000100000010
820000001000330033000000002822370000002342211234567890                         061000010000001
9000001000010000000100267084130000000282237000000234221                                       