101 990000013 6910001340402200830B094101DEST NAME              ORIGIN NAME            XXXXXXXX
5200Company name    DiscretionaryData   1234567890ARCComp desc 0216232302160471061000010000001
627267084131123              000000010101223344       xxxxxxxxxxxxxxxxxxxxxxLC0061000010001001
820000000600330033000000000004060000000000001234567890                         061000010000001
9000010000010000000740198019800000000015025000100532125