101 990000013 9876543212407040801A094101DEST NAME              ORIGIN NAME            XXXXXXXX
5200My Company      DiscretionaryData   1234567890PPDComp desc 2407042407041861061000010000001
622267084131123              000009421501223344       Jane Doe              LC0000000010000001
627267084131123              000007636401223344       John Doe              LC0000000010000002
622267084131123              000003340001223344       John Doe              LC0000000010000003
622267084131123              000006117501223344       Jane Doe              LC0000000010000004
627267084131123              000003581901223344       Jane Doe              LC0000000010000005
627267084131123              000002529601223344       Jane Doe              LC0000000010000006
622267084131123              000005467601223344       John Doe              LC0000000010000007
622267084131123              000005166401223344       Jane Doe              LC0000000010000008
622267084131123              000004742701223344       John Doe              LC0000000010000009
622267084131123              000006878801223344       Jane Doe              LC0000000010000010
820000001000330033000000001374790000004113451234567890                         061000010000001
9000001000010000000100267084130000000137479000000411345                                       