101 123456789 9876543212403031332A094101DEST NAME              ORIGIN NAME            XXXXXXXX
5220My Company      DiscretionaryData   1234567890PPDComp desc 0216232302160471061000010000001
622267084131123              000001436301223344       Jane Doe              LC0000000100000001
622267084131123              000009574501223344       John Doe              LC0000000100000002
622267084131123              000003521101223344       Jane Doe              LC0000000100000003
622267084131123              000000655001223344       Jane Doe              LC0000000100000004
622267084131123              000009814001223344       John Doe              LC0000000100000005
622267084131123              000004708301223344       John Doe              LC0000000100000006
622267084131123              000005080101223344       John Doe              LC0000000100000007
622267084131123              000002702301223344       Jane Doe              LC0000000100000008
622267084131123              000002448201223344       Jane Doe              LC0000000100000009
622267084131123              000005649301223344       Jane Doe              LC0000000100000010
622267084131123              000006842401223344       Jane Doe              LC0000000100000011
622267084131123              000004904401223344       John Doe              LC0000000100000012
622267084131123              000004816301223344       John Doe              LC0000000100000013
622267084131123              000002423201223344       John Doe              LC0000000100000014
622267084131123              000007678901223344       John Doe              LC0000000100000015
622267084131123              000005765701223344       Jane Doe              LC0000000100000016
622267084131123              000004047401223344       Jane Doe              LC0000000100000017
622267084131123              000005636801223344       John Doe              LC0000000100000018
622267084131123              000005923301223344       John Doe              LC0000000100000019
622267084131123              000002624601223344       John Doe              LC0000000100000020
822000002000330033000000000000000000009625211234567890                         061000010000001
5220My Company      DiscretionaryData   1234567890PPDComp desc 0216232302160471061000010000002
622267084131123              000002565101223344       Jane Doe              LC0000000200000001
622267084131123              000005909701223344       John Doe              LC0000000200000002
622267084131123              000002931901223344       Jane Doe              LC0000000200000003
622267084131123              000005170401223344       Jane Doe              LC0000000200000004
622267084131123              000001438101223344       Jane Doe              LC0000000200000005
622267084131123              000009416101223344       Jane Doe              LC0000000200000006
622267084131123              000009252801223344       Jane Doe              LC0000000200000007
622267084131123              000009152001223344       John Doe              LC0000000200000008
622267084131123              000009396801223344       John Doe              LC0000000200000009
622267084131123              000000364201223344       John Doe              LC0000000200000010
622267084131123              000009201401223344       John Doe              LC0000000200000011
622267084131123              000001598301223344       Jane Doe              LC0000000200000012
622267084131123              000002578201223344       John Doe              LC0000000200000013
622267084131123              000009781301223344       John Doe              LC0000000200000014
622267084131123              000008800701223344       Jane Doe              LC0000000200000015
622267084131123              000009535201223344       Jane Doe              LC0000000200000016
622267084131123              000005700801223344       John Doe              LC0000000200000017
622267084131123              000006396801223344       John Doe              LC0000000200000018
622267084131123              000005416301223344       Jane Doe              LC0000000200000019
622267084131123              000002850101223344       Jane Doe              LC0000000200000020
822000002000330033000000000000000000011745621234567890                         061000010000002
5220My Company      DiscretionaryData   1234567890PPDComp desc 0216232302160471061000010000003
622267084131123              000008433201223344       John Doe              LC0000000300000001
622267084131123              000000979101223344       Jane Doe              LC0000000300000002
622267084131123              000008512301223344       Jane Doe              LC0000000300000003
622267084131123              000009996601223344       Jane Doe              LC0000000300000004
622267084131123              000003733901223344       John Doe              LC0000000300000005
622267084131123              000009263201223344       Jane Doe              LC0000000300000006
622267084131123              000003928201223344       John Doe              LC0000000300000007
622267084131123              000003746801223344       Jane Doe              LC0000000300000008
622267084131123              000004622801223344       John Doe              LC0000000300000009
622267084131123              000003439801223344       John Doe              LC0000000300000010
622267084131123              000001004501223344       Jane Doe              LC0000000300000011
622267084131123              000004736701223344       John Doe              LC0000000300000012
622267084131123              000007152901223344       Jane Doe              LC0000000300000013
622267084131123              000007128501223344       Jane Doe              LC0000000300000014
622267084131123              000007899501223344       John Doe              LC0000000300000015
622267084131123              000008902601223344       John Doe              LC0000000300000016
622267084131123              000002242601223344       John Doe              LC0000000300000017
622267084131123              000007071701223344       John Doe              LC0000000300000018
622267084131123              000008583901223344       John Doe              LC0000000300000019
622267084131123              000002717301223344       John Doe              LC0000000300000020
822000002000330033000000000000000000011409611234567890                         061000010000003
5220My Company      DiscretionaryData   1234567890PPDComp desc 0216232302160471061000010000004
622267084131123              000002438501223344       John Doe              LC0000000400000001
622267084131123              000002359201223344       John Doe              LC0000000400000002
622267084131123              000004193301223344       John Doe              LC0000000400000003
622267084131123              000005819101223344       John Doe              LC0000000400000004
622267084131123              000009058801223344       Jane Doe              LC0000000400000005
622267084131123              000009910401223344       Jane Doe              LC0000000400000006
622267084131123              000008655301223344       Jane Doe              LC0000000400000007
622267084131123              000003634901223344       John Doe              LC0000000400000008
622267084131123              000005167001223344       Jane Doe              LC0000000400000009
622267084131123              000008663101223344       Jane Doe              LC0000000400000010
622267084131123              000006307901223344       John Doe              LC0000000400000011
622267084131123              000003845401223344       Jane Doe              LC0000000400000012
622267084131123              000009721201223344       Jane Doe              LC0000000400000013
622267084131123              000006766301223344       John Doe              LC0000000400000014
622267084131123              000008205401223344       Jane Doe              LC0000000400000015
622267084131123              000001081201223344       John Doe              LC0000000400000016
622267084131123              000006452101223344       John Doe              LC0000000400000017
622267084131123              000005163701223344       John Doe              LC0000000400000018
622267084131123              000001325801223344       Jane Doe              LC0000000400000019
622267084131123              000009370901223344       John Doe              LC0000000400000020
822000002000330033000000000000000000011813951234567890                         061000010000004
5220My Company      DiscretionaryData   1234567890PPDComp desc 0216232302160471061000010000005
622267084131123              000004222201223344       Jane Doe              LC0000000500000001
622267084131123              000002973201223344       John Doe              LC0000000500000002
622267084131123              000001737701223344       Jane Doe              LC0000000500000003
622267084131123              000007860501223344       Jane Doe              LC0000000500000004
622267084131123              000004681701223344       John Doe              LC0000000500000005
622267084131123              000003897901223344       Jane Doe              LC0000000500000006
622267084131123              000003543701223344       John Doe              LC0000000500000007
622267084131123              000001264501223344       Jane Doe              LC0000000500000008
622267084131123              000000311601223344       Jane Doe              LC0000000500000009
622267084131123              000004934201223344       Jane Doe              LC0000000500000010
622267084131123              000007709201223344       John Doe              LC0000000500000011
622267084131123              000001794801223344       Jane Doe              LC0000000500000012
622267084131123              000000957901223344       Jane Doe              LC0000000500000013
622267084131123              000000235701223344       Jane Doe              LC0000000500000014
622267084131123              000003683501223344       Jane Doe              LC0000000500000015
622267084131123              000004299401223344       Jane Doe              LC0000000500000016
622267084131123              000009273001223344       Jane Doe              LC0000000500000017
622267084131123              000002233401223344       Jane Doe              LC0000000500000018
622267084131123              000001979501223344       John Doe              LC0000000500000019
622267084131123              000000414901223344       Jane Doe              LC0000000500000020
822000002000330033000000000000000000006800851234567890                         061000010000005
9000005000010000001000198019800000000000000000005139524                                       