101 123456789 9876543212403031332A094101DEST NAME              ORIGIN NAME            XXXXXXXX
5225My Company      DiscretionaryData   1234567890PPDComp desc 0216232302160471061000010000001
627267084131123              000002624801223344       Jane Doe              LC0000000100000001
627267084131123              000004204701223344       Jane Doe              LC0000000100000002
627267084131123              000001779701223344       Jane Doe              LC0000000100000003
627267084131123              000004466901223344       Jane Doe              LC0000000100000004
627267084131123              000002312201223344       John Doe              LC0000000100000005
822500000500330033000000001538830000000000001234567890                         061000010000001
9000001000010000000050198019800000000153883000000000000                                       