101 990000013 9876543212406020646A094101DEST NAME              ORIGIN NAME            XXXXXXXX
5220My Company      DiscretionaryData   1234567890PPDComp desc 2406022406021541061000010000001
622267084131123              000007662401223344       Jane Doe              LC0000000100000001
622267084131123              000007558501223344       John Doe              LC0000000100000002
622267084131123              000002510201223344       Jane Doe              LC0000000100000003
622267084131123              000002181001223344       Jane Doe              LC0000000100000004
622267084131123              000005715201223344       John Doe              LC0000000100000005
622267084131123              000006738901223344       Jane Doe              LC0000000100000006
622267084131123              000007457101223344       John Doe              LC0000000100000007
622267084131123              000000380501223344       John Doe              LC0000000100000008
622267084131123              000002016301223344       John Doe              LC0000000100000009
622267084131123              000003729901223344       Jane Doe              LC0000000100000010
622267084131123              000006115501223344       John Doe              LC0000000100000011
622267084131123              000008390301223344       Jane Doe              LC0000000100000012
622267084131123              000004615701223344       John Doe              LC0000000100000013
622267084131123              000007934201223344       John Doe              LC0000000100000014
622267084131123              000008217301223344       Jane Doe              LC0000000100000015
622267084131123              000003501601223344       Jane Doe              LC0000000100000016
622267084131123              000009184701223344       John Doe              LC0000000100000017
622267084131123              000006560301223344       John Doe              LC0000000100000018
622267084131123              000005188501223344       Jane Doe              LC0000000100000019
622267084131123              000007648601223344       John Doe              LC0000000100000020
822000002000330033000000000000000000011330671234567890                         061000010000001
5220My Company      DiscretionaryData   1234567890PPDComp desc 2406022406021541061000010000002
622267084131123              000007910101223344       Jane Doe              LC0000000200000001
622267084131123              000003435401223344       Jane Doe              LC0000000200000002
622267084131123              000002544801223344       John Doe              LC0000000200000003
622267084131123              000001765601223344       Jane Doe              LC0000000200000004
622267084131123              000001928901223344       Jane Doe              LC0000000200000005
622267084131123              000005967301223344       Jane Doe              LC0000000200000006
622267084131123              000000585001223344       John Doe              LC0000000200000007
622267084131123              000003097701223344       John Doe              LC0000000200000008
622267084131123              000003572201223344       John Doe              LC0000000200000009
622267084131123              000004994401223344       Jane Doe              LC0000000200000010
622267084131123              000005484401223344       John Doe              LC0000000200000011
622267084131123              000009104501223344       John Doe              LC0000000200000012
622267084131123              000004454801223344       John Doe              LC0000000200000013
622267084131123              000003362801223344       Jane Doe              LC0000000200000014
622267084131123              000006539001223344       John Doe              LC0000000200000015
622267084131123              000007373401223344       John Doe              LC0000000200000016
622267084131123              000006135301223344       John Doe              LC0000000200000017
622267084131123              000005270901223344       John Doe              LC0000000200000018
622267084131123              000009265301223344       Jane Doe              LC0000000200000019
622267084131123              000004151601223344       Jane Doe              LC0000000200000020
822000002000330033000000000000000000009694341234567890                         061000010000002
5220My Company      DiscretionaryData   1234567890PPDComp desc 2406022406021541061000010000003
622267084131123              000004084701223344       Jane Doe              LC0000000300000001
622267084131123              000004556101223344       Jane Doe              LC0000000300000002
622267084131123              000007483801223344       Jane Doe              LC0000000300000003
622267084131123              000003226701223344       John Doe              LC0000000300000004
622267084131123              000007740101223344       John Doe              LC0000000300000005
622267084131123              000007236501223344       Jane Doe              LC0000000300000006
622267084131123              000002763301223344       Jane Doe              LC0000000300000007
622267084131123              000007974101223344       John Doe              LC0000000300000008
622267084131123              000002857101223344       Jane Doe              LC0000000300000009
622267084131123              000005700601223344       John Doe              LC0000000300000010
622267084131123              000000176701223344       Jane Doe              LC0000000300000011
622267084131123              000004615801223344       John Doe              LC0000000300000012
622267084131123              000002088401223344       Jane Doe              LC0000000300000013
622267084131123              000005452701223344       Jane Doe              LC0000000300000014
622267084131123              000002770901223344       Jane Doe              LC0000000300000015
622267084131123              000004168201223344       John Doe              LC0000000300000016
622267084131123              000001593001223344       John Doe              LC0000000300000017
622267084131123              000002707101223344       John Doe              LC0000000300000018
622267084131123              000000221401223344       Jane Doe              LC0000000300000019
622267084131123              000002869601223344       John Doe              LC0000000300000020
822000002000330033000000000000000000008028681234567890                         061000010000003
5220My Company      DiscretionaryData   1234567890PPDComp desc 2406022406021541061000010000004
622267084131123              000007113401223344       Jane Doe              LC0000000400000001
622267084131123              000007140501223344       John Doe              LC0000000400000002
622267084131123              000003096501223344       John Doe              LC0000000400000003
622267084131123              000001811501223344       John Doe              LC0000000400000004
622267084131123              000000700401223344       Jane Doe              LC0000000400000005
622267084131123              000004052701223344       Jane Doe              LC0000000400000006
622267084131123              000003023901223344       Jane Doe              LC0000000400000007
622267084131123              000006853201223344       John Doe              LC0000000400000008
622267084131123              000003414601223344       Jane Doe              LC0000000400000009
622267084131123              000001513301223344       John Doe              LC0000000400000010
622267084131123              000002968901223344       Jane Doe              LC0000000400000011
622267084131123              000002577501223344       John Doe              LC0000000400000012
622267084131123              000009690901223344       John Doe              LC0000000400000013
622267084131123              000006863301223344       Jane Doe              LC0000000400000014
622267084131123              000009449901223344       John Doe              LC0000000400000015
622267084131123              000007806301223344       John Doe              LC0000000400000016
622267084131123              000002318201223344       Jane Doe              LC0000000400000017
622267084131123              000007727301223344       John Doe              LC0000000400000018
622267084131123              000009151201223344       John Doe              LC0000000400000019
622267084131123              000002329101223344       John Doe              LC0000000400000020
822000002000330033000000000000000000009960261234567890                         061000010000004
5220My Company      DiscretionaryData   1234567890PPDComp desc 2406022406021541061000010000005
622267084131123              000000952701223344       John Doe              LC0000000500000001
622267084131123              000001084301223344       Jane Doe              LC0000000500000002
622267084131123              000001547701223344       Jane Doe              LC0000000500000003
622267084131123              000001016701223344       John Doe              LC0000000500000004
622267084131123              000002663801223344       Jane Doe              LC0000000500000005
622267084131123              000005145901223344       Jane Doe              LC0000000500000006
622267084131123              000003320401223344       John Doe              LC0000000500000007
622267084131123              000004212601223344       Jane Doe              LC0000000500000008
622267084131123              000008146701223344       John Doe              LC0000000500000009
622267084131123              000005673101223344       John Doe              LC0000000500000010
622267084131123              000002589701223344       John Doe              LC0000000500000011
622267084131123              000001462901223344       Jane Doe              LC0000000500000012
622267084131123              000003699401223344       John Doe              LC0000000500000013
622267084131123              000008063701223344       Jane Doe              LC0000000500000014
622267084131123              000001341401223344       Jane Doe              LC0000000500000015
622267084131123              000009403201223344       John Doe              LC0000000500000016
622267084131123              000005526301223344       John Doe              LC0000000500000017
622267084131123              000009373401223344       Jane Doe              LC0000000500000018
622267084131123              000001563301223344       John Doe              LC0000000500000019
622267084131123              000009665201223344       John Doe              LC0000000500000020
822000002000330033000000000000000000008645241234567890                         061000010000005
9000005000010000001002670841300000000000000000004765919                                       