101 990000013 9876543212406020646A094101DEST NAME              ORIGIN NAME            XXXXXXXX
5200My Company      DiscretionaryData   1234567890PPDComp desc 2406022406021541061000010000001
622267084131123              000009101901223344       Sandy Beaches         LC0000000100000001
622267084131123              000001531401223344       Al Beback             LC0000000100000002
627267084131123              000005028101223344       Ella Vator            LC0000000100000003
622267084131123              000003661501223344       Will Power            LC0000000100000004
622267084131123              000005459301223344       Will Power            LC0000000100000005
622267084131123              000003058001223344       Sue Flay              LC0000000100000006
627267084131123              000007766301223344       Holly Wood            LC0000000100000007
627267084131123              000005138101223344       Paige Turner          LC0000000100000008
627267084131123              000005512801223344       Ella Vator            LC0000000100000009
627267084131123              000009267501223344       Terry Aki             LC0000000100000010
820000001000330033000000003271280000002281211234567890                         061000010000001
9000001000010000000100267084130123456789012987654321098                                       