101 990000013 9876543212406020646A094101DEST NAME              ORIGIN NAME            XXXXXXXX
5220My Company      DiscretionaryData   1234567890PPDComp desc 2406022406021541061000010000001
622267084131123              000000096901223344       Jane Doe              LC0000000100000001
622267084131123              000000050001223344       John Doe              LC0000000100000002
622267084131123              000000034301223344       Jane Doe              LC0000000100000003
622267084131123              000000097801223344       John Doe              LC0000000100000004
622267084131123              000000016201223344       John Doe              LC0000000100000005
622267084131123              000000035401223344       John Doe              LC0000000100000006
622267084131123              000000084101223344       John Doe              LC0000000100000007
622267084131123              000000026001223344       John Doe              LC0000000100000008
622267084131123              000000008401223344       John Doe              LC0000000100000009
622267084131123              000000000801223344       John Doe              LC0000000100000010
822000001000330033000000000000000000000044991234567890                         061000010000001
9000001000010000000100267084130000000000000000000004499                                       